2854 4884
445 1226 471 1294 E
492 1227 521 1294 R
542 1227 571 1293 A
594 1226 623 1293 G
644 1224 679 1290 Μ
700 1225 728 1290 E
749 1224 782 1290 N
803 1222 832 1288 Τ
852 1224 883 1289 A

184 1381 220 1468 n
250 1381 493 1472 scnrrrls
523 1379 773 1472 sunnone
802 1375 1147 1466 coemens.

256 1713 325 1806 EX
355 1710 576 1783 SCHEDIS
608 1708 761 1778 PAULI
791 1709 1067 1779 SADOLETI.

338 1846 439 1902 (amat
452 1846 483 1890 do
497 1847 585 1891 rema
598 1843 622 1890 ta
635 1845 703 1890 cona
717 1844 836 1900 Burdigtt.
849 1842 878 1888 dd.
891 1855 913 1901 p.
925 1843 980 1897 tn.)

472 1981 535 2050 [nr
558 1979 855 2049 unrnruouro.]

209 2079 419 2148 Cordubenses
441 2081 555 2162 nostri,
580 2093 613 2147 nt
629 2082 757 2153 maxime
775 2081 928 2146 laudarunt
941 2079 1088 2168 nuptias„
1098 2081 1140 2145 ita
1154 2081 1204 2166 qni

123 2184 189 2248 sine
212 2183 257 2248 bis
280 2185 510 2263 conuenissent,
534 2184 726 2248 excluserunt
740 2182 871 2248 cretione
888 2182 1095 2262 hereditatum,
1114 2182 1203 2246 etiam

124 2293 239 2368 pactam
269 2305 307 2348 ne
340 2285 442 2349 osculo
465 2283 600 2368 quidem,
634 2285 692 2347 nisi
713 2279 820 2348 Cereri
850 2283 993 2347 fecissent
1021 2293 1052 2346 et
1078 2283 1203 2367 hymnos

125 2384 378 2469 [hymenaeos*)]
401 2385 598 2464 cecinissent,
622 2384 725 2468 attingi
748 2383 917 2448 uoluerunt.
964 2379 997 2447 si
1016 2383 1081 2466 quis
1101 2383 1203 2448 osculo

122 2483 188 2548 sodo
212 2495 280 2549 octo
302 2485 472 2571 parentibus
497 2497 548 2548 ant
567 2483 672 2548 uicinis
694 2507 754 2547 non
776 2482 912 2548 adhibitis
938 2481 1103 2568 attigisset,
1136 2483 1202 2548 hnic

120 2584 307 2650 adducendae
328 2586 444 2668 quidem
465 2605 592 2670 sponsae
614 2585 660 2648 ius
682 2592 759 2662 erat,
782 2583 823 2646 ita
846 2593 942 2646 tamen
963 2594 997 2648 ut
1011 2581 1097 2647 tertia
1119 2595 1203 2669 parte

120 2682 266 2746 bonorum
287 2682 418 2748 sobolem
441 2706 524 2748 snam
546 2705 671 2766 pareus,
696 2682 722 2746 si
743 2683 853 2762 uellet,
877 2683 1026 2748 multaret.

123 2873 164 2940 L.
174 2875 341 2944 ANNAEI
355 2875 553 2940 SENECAE
567 2873 838 2940 FRAGMENTA
852 2873 1127 2941 ANIEBUHEIO
1143 2875 1205 2940 EX

165 2973 423 3140 pllgfflfflg
444 2973 765 3041 BIBLIOTHECAE
787 2971 1040 3041 VATICANAE
1068 2973 1202 3040 EDITA

504 3227 567 3292 [ns
594 3226 820 3295 nuncnune]

208 3323 235 3392 Ι.
267 3327 588 3411 [tutonisnarquam
607 3328 722 3392 solebat
745 3328 1202 3394 o..ru.ide..si.......ne

128 3427 379 3492 ...ioad....
404 3431 1107 3514 aqnacrentem.emt..·..........t.ai.
1130 3451 1201 3495 se..

126 3546 206 3612 gree.
224 3547 251 3591 r.
264 3547 301 3591 ae
322 3527 410 3593 decit.
426 3575 433 3592 .
447 3541 530 3594 ..ter
547 3529 633 3594 alteri
641 3573 794 3594 ........
808 3529 851 3594 dit
867 3551 884 3593 a
892 3575 1144 3596 .............
1153 3551 1203 3596 ses

129 3671 411 3693 ..............
423 3631 486 3714 pins
497 3677 506 3693 .
518 3677 525 3692 .
538 3676 567 3692 ..
582 3629 622 3693 hi.
647 3640 862 3714 conquesturus
878 3631 979 3696 uenite
1003 3641 1035 3695 at
1049 3641 1154 3696 contra
1168 3651 1203 3696 se

125 3729 216 3794 adfuit
235 3740 267 3793 ct
282 3730 476 3794 udetaoienti
493 3729 652 3794 satisfecit:
678 3751 737 3794 non
754 3731 851 3794 minae
866 3730 913 3794 hic
930 3731 1073 3795 sollicitos
1089 3732 1144 3793 init
1160 3751 1203 3795 ne

125 3830 233 3898 facisse
248 3831 400 3895 uideretur
416 3831 552 3895 iniuriam
567 3851 652 3915 qnam
669 3819 772 3894 illene
787 3831 959 3916 accepisse:
991 3839 1042 3894 ant
1060 3840 1141 3892 certe
1160 3829 1204 3894 ni·

126 3926 167 3990 tit
182 3931 293 3995 resedit
308 3932 386 4016 quod
399 3942 552 4018 serperet,
575 3931 627 3996 sed
644 3932 674 3996 in
693 3932 820 3996 medium
835 3931 914 3996 dedit
924 3941 1048 4014 atomus
1065 3929 1204 3994 offensio·

126 4045 181 4091 nce
196 4051 284 4112 sues,
308 4043 339 4097 et
355 4033 432 4098 alter
446 4033 484 4097 ab
503 4033 597 4097 attero
619 4033 755 4117 quidquid
778 4032 888 4096 latebat
901 4031 1061 4117 expressit.
1106 4027 1205 4094 Fami·

127 4123 203 4190 liure
225 4129 353 4212 iurgium
458 4135 465 4150 '
507 4135 582 4198 iccaa
605 4133 659 4196 sod
680 4131 822 4196 arbitrum
849 4131 981 4217 quaerit,
1015 4130 1088 4196 nihil
1107 4141 1204 4196 autem

194 4259 223 4324 ⁸)
240 4260 280 4311 Ita
296 4275 335 4311 em
