2928 4864
585 311 803 376 interlito.
1179 317 1233 380 Vll

103 505 106 508 ·
237 479 281 545 ll.
324 479 528 546 Beruliuensis
541 477 596 563 (Ε)
615 477 687 562 [Ms.
704 481 755 544 lut.
773 478 842 546 Ort.
860 483 908 563 9.]
927 479 1052 544 menbr.
1067 498 1129 544 see.
1140 479 1227 547 Xlll.

155 599 216 662 loll.
234 607 288 663 98.
310 597 368 661 eol.
389 596 417 663 1.
441 599 514 662 linn.
533 599 703 684 plerunque
720 609 774 664 2⁵.
796 606 830 663 t.
847 609 985 662 neoursts
1006 597 1135 683 seriptm
1156 597 1233 662 litte-

155 715 354 795 deminutis,
383 736 505 799 quarum
524 717 618 802 prims
640 736 713 780 suro
735 725 767 779 et
791 713 882 779 vsriis
903 714 1053 780 eoloribus
1073 725 1119 779 est
1142 713 1231 800 pieta.

156 831 274 884 Continet
289 830 349 882 iude
365 832 438 883 slol.
453 829 479 883 9.
495 834 606 884 deusone
618 833 690 884 nne
706 833 824 895 Quaestt.
835 829 863 880 11.
872 833 940 882 vin.
955 831 982 900 (1.
997 833 1064 883 Vlll.
1081 834 1117 884 os
1127 833 1176 883 Nili
1191 834 1233 884 ln-

155 940 270 985 cremento
285 943 324 982 est
341 932 422 1000 quarti
437 931 536 984 initium
554 933 588 996 [c.
607 931 631 981 1.
645 930 685 997 2]
701 948 747 982 suo
764 930 823 982 loco
840 929 981 998 omissumiz
1006 931 1032 982 in
1049 931 1152 998 quibu,
1175 947 1232 984 euru

154 1033 222 1084 inter
239 1029 422 1085 t01.18.sr19.
439 1031 577 1082 exciderint
593 1030 642 1080 triu
659 1029 736 1092 lulis,
762 1027 934 1080 desiderantur
950 1029 1033 1079 omnis
1048 1045 1063 1078 n
1077 1029 1159 1080 verbis
1176 1033 1233 1096 [ud-

153 1133 258 1200 pauno,
291 1133 408 1193 Numquis
424 1145 501 1194 usque
516 1127 549 1177 nd
566 1144 589 1177 u.
606 1127 646 1191 15,
662 1125 689 1179 8.
706 1130 848 1191 detorquere.
882 1129 955 1179 lluuu
971 1146 1025 1180 esse
1041 1129 1235 1197 eundemstque

158 1229 217 1282 nod.
240 1228 430 1280 Eriurdiensern
446 1225 477 1276 ub
493 1227 513 1278 l.
531 1227 560 1278 1¹¹.
578 1226 680 1280 Herelio
703 1227 823 1280 eollstuns
844 1229 929 1278 stetim
948 1227 1075 1292 intellexi,
1103 1245 1159 1280 cunr
1175 1237 1235 1281 sote

160 1346 204 1380 sex
220 1330 275 1380 lere
288 1343 386 1378 menses
400 1326 493 1378 lierelii
507 1326 614 1379 schedae
631 1345 661 1378 er
679 1327 788 1380 Fessleri
803 1329 930 1396 Appsrstu
947 1327 980 1380 sd
994 1345 1035 1381 me
1051 1328 1150 1380 delntse
1165 1339 1231 1380 snut.

159 1431 218 1492 Quo
232 1437 315 1480 sutem
332 1428 421 1480 certius
446 1437 571 1480 onustaret
587 1427 621 1480 de
644 1428 696 1480 eins
712 1427 859 1497 seripturis,
884 1427 979 1480 llerelii
998 1438 1115 1498 excerpts
1134 1429 1231 1498 integre

156 1529 230 1591 dedi,
247 1540 309 1581 notu
324 1546 339 1579 e
354 1529 498 1597 significetur.
532 1530 612 1580 Huius
627 1529 684 1582 libri
700 1530 853 1597 seriptum,
870 1546 926 1581 ourn
939 1531 1049 1581 omniurn
1066 1530 1142 1582 l'sdle
1157 1530 1243 1598 opti·

155 1648 210 1682 rnns
227 1631 438 1694 emendentur,
456 1640 553 1681 tanturn
569 1647 622 1682 nou
638 1645 725 1681 omnes
742 1630 843 1697 recepi,
860 1629 971 1681 oudicsrn
987 1630 1097 1700 alioquin
1109 1630 1231 1699 optinum

157 1729 233 1782 neiis
249 1731 351 1798 quidem
368 1731 430 1782 locis
444 1730 607 1783 deserendum
624 1729 774 1791 arbitratus,
796 1729 823 1780 in
839 1729 928 1796 quibus
943 1729 985 1781 ulii
1000 1731 1153 1798 speciosius
1168 1746 1231 1798 prss

157 1847 184 1882 se
200 1832 303 1884 terens
346 1833 401 1884 blec
415 1843 500 1884 temen
522 1847 588 1899 nego
605 1829 695 1882 slicubi
720 1829 797 1882 etism
813 1827 881 1881 bunc
896 1845 950 1880 esse
967 1840 1111 1898 corruptum
1128 1839 1172 1882 snt
1188 1829 1230 1879 in-

156 1932 316 1999 terpolstsrn.

246 2073 306 2137 lll.
351 2073 602 2160 Guelferbytanus
627 2074 681 2156 (G.
703 2077 765 2140 vol.
781 2077 808 2140 l.
829 2081 924 2161 praei.
945 2075 1181 2164 p.xx.11.1.
1201 2076 1234 2160 d)

162 2191 193 2254 iu
208 2190 253 2254 bis
268 2211 383 2276 quoque
400 2189 483 2254 libris
501 2189 610 2276 passim
627 2188 777 2254 meliorem
800 2191 974 2276 scripturum
994 2193 1025 2280 in
1040 2193 1172 2276 margine
1186 2203 1237 2256 sut

159 2307 353 2373 interlineas
376 2308 464 2373 babet
484 2329 570 2392 quum
592 2307 710 2393 inipso
732 2317 887 2373 contextu.

242 2471 270 2538 l.
285 2471 340 2539 Fr.
358 2472 504 2540 Gronovii
524 2485 611 2539 notae
628 2485 739 2556 mutue,
762 2499 835 2562 quus
853 2498 893 2542 ex
911 2475 1088 2542 bibliothece
1105 2475 1234 2543 civitatis

157 2591 391 2677 lisnburgensis
411 2589 520 2678 [intpp.
537 2603 628 2657 suctt.
644 2589 770 2659 xxix.
787 2599 841 2677 4⁰]
858 2606 959 2661 neotus
974 2617 1059 2676 snm,
1081 2593 1147 2679 plus
1163 2613 1234 2658 eon·

159 2709 259 2774 lerunt
274 2709 309 2772 nd
325 2708 611 2795 explicandaantt.
622 2707 758 2793 Quaestt.
770 2733 857 2796 quern
873 2713 908 2776 nd
923 2712 1133 2779 emendsndss.
1159 2708 1238 2776 Sunt

161 2835 259 2886 sutem
274 2826 381 2888 dietuts
396 2827 464 2904 illu,
494 2828 627 2910 ansgui
644 2825 699 2892 viri
717 2828 842 2910 quodum
861 2828 1001 2916 discipulo
1018 2831 1131 2893 mismo
1148 2847 1237 2890 exee-

166 2947 236 3022 ptsr
258 2957 325 2999 uem
342 2937 476 3002 Senecae
490 2939 577 3002 Nntt.
592 2939 731 3020 Quaestt.
749 2961 782 3003 se
796 2963 896 3004 eorum
912 2945 1063 3026 diseipulis
1080 2961 1238 3006 enarrasse

163 3053 227 3140 ipse
238 3049 410 3118 Gronovius
423 3053 512 3114 trudit
522 3053 552 3112 in
560 3049 651 3114 Notis
661 3054 748 3115 editis
761 3051 849 3115 st.
860 3052 901 3134 Q.
911 3053 954 3132 11,
963 3062 1017 3132 tu,
1027 3065 1059 3117 3.
1072 3075 1102 3136 p.
1112 3061 1238 3135 suurn

163 3169 337 3257 Signifieuvi
357 3190 413 3258 per
434 3166 530 3234 Grun.
555 3169 639 3252 (ms).

246 3337 299 3402 Ex
325 3335 446 3402 Gruteri
473 3333 669 3420 mstis'(Gr.)
688 3347 799 3402 tuntum
823 3333 881 3401 ΡΞ.
898 3344 930 3401 l.
954 3331 1022 3401 Col.
1052 3332 1242 3398 continebunt

166 3453 254 3518 Nau.
264 3453 416 3537 Quaerit,
439 3454 476 3517 nd
494 3474 567 3537 quus
580 3455 706 3518 aeconio
716 3451 926 3538 Fragmentum
942 3450 1123 3518 Coloniense
1136 3449 1241 3535 (Fr-

168 3568 254 3653 col.)
272 3589 447 3650 ,‚snuexum
468 3571 551 3633 alteri
573 3570 613 3634 illi
630 3567 823 3636 Coloniensi:
847 3572 978 3636 eontinet
994 3581 1104 3636 tanturn
1120 3567 1240 3634 Praelu-

166 3687 276 3752 tionem
293 3707 422 3750 necnon
439 3686 580 3770 quaedam
598 3687 656 3750 ulia
674 3697 832 3773 excerpto,
855 3709 930 3772 qune
949 3690 1024 3754 forte
1042 3687 1182 3771 impleant
1197 3685 1241 3748 lu-

166 3805 205 3870 lin
219 3804 316 3868 tris.“
358 3801 489 3868 Praebet
507 3815 605 3868 tumen
620 3805 793 3889 scripturam
803 3806 923 3890 probum
938 3816 969 3869 et
980 3827 1048 3870 rnen
1064 3801 1238 3866 lisinilen.

166 3918 236 3985 Lib.
251 3917 414 3985 libonondi
430 3941 519 4006 opero
538 3921 623 4006 (tr.)
641 3921 736 4007 magis
758 3932 872 4008 spectet
895 3922 932 3988 nd
951 3917 1141 3985 illustrandas
1154 3913 1238 3979 Nntt.

170 4034 407 4122 Quanquam
429 4038 466 4102 sd
486 4037 689 4123 eusdgundsss
718 4038 796 4102 idem
817 4039 886 4102 lieet
899 4053 1074 4102 asseverare
1090 4033 1126 4099 de
1141 4031 1182 4096 G.
1198 4030 1239 4095 l).

171 4145 319 4230 liudem,
341 4153 426 4220 ouius
440 4155 529 4220 editio
544 4153 693 4240 (Gottiuss.
713 4157 810 4236 1819)
825 4175 891 4219 oum
910 4161 992 4216 esset
1006 4149 1135 4216 suolonis
1149 4159 1244 4214 morte
