2928 4864
434 1463 899 1551 PRAEFATIO.-

576 1702 729 1715 ῳ

194 1846 449 1931 Diodoyornm‘)
473 1847 555 1910 titulo
575 1858 608 1911 nt
629 1847 908 1933 comprehenderem
924 1848 1039 1912 minora
1052 1844 1188 1914 Senecae

111 1963 220 2048 scripta
234 1964 444 2048 philosophica,
468 1955 626 2028 commovit
640 1987 686 2030 me
704 1976 735 2030 et
748 1965 903 2032 breriiatis
919 1965 1046 2030 etodium
1067 1973 1098 2028 et
1114 1963 1190 2026 anti-

113 2079 248 2160 quissimi
264 2079 373 2140 codicis
390 2077 623 2141 Mediolanensis
639 2080 682 2160 (Α
696 2081 757 2144 vol.
771 2079 815 2144 11.
833 2084 927 2164 praei·
945 2105 975 2166 p.
990 2077 1081 2146 XIII.
1099 2102 1128 2146 c.
1140 2080 1189 2163 5.)
1253 2109 1258 2126 ·

115 2191 296 2255 auctoritas:
319 2211 482 2276 quanquam
499 2211 559 2254 non
574 2189 679 2275 ignoro
695 2192 727 2253 in
741 2193 791 2255 illo
808 2195 909 2256 codiee
920 2193 1056 2276 Dialogia
1072 2196 1190 2276 adiungi

63 2403 66 2408 Ι
114 2309 202 2373 etiam
218 2308 310 2373 libros
327 2309 363 2373 de
380 2305 443 2372 Ira.
486 2305 568 2371 Idem
588 2328 661 2371 vero
678 2307 772 2390 liber,
804 2308 853 2394 qni
870 2307 1068 2394 suppeditavit
1084 2327 1192 2373 nomen

111 2445 292 2508 commune,'
308 2427 427 2491 muitum
445 2426 568 2490 contulit
585 2425 622 2490 ad
638 2427 892 2492 emendationem
926 2427 975 2512 qui
998 2426 1047 2491 ndi
1070 2425 1189 2508 deiecit,

87 2621 91 2630 ι
111 2545 143 2607 in
162 2543 324 2608 subsidium
347 2544 451 2608 vocavi
478 2543 607 2608 codicem
630 2541 921 2630 Berolinensem·(B
942 2545 1003 2610 vol.
1025 2541 1068 2609 Π.
1093 2545 1188 2631 praef.

111 2657 245 2746 p.XlIl.
261 2681 288 2724 c.
301 2651 333 2724 ὲ.
349 2660 382 2744 β)
396 2672 448 2725 aut
460 2659 521 2726 Iac.
541 2659 698 2747 Bongarsii
713 2674 814 2728 notata
829 2660 942 2748 (Bong.
961 2663 1023 2726 voi.
1033 2660 1075 2726 Π.
1093 2663 1188 2748 praei.

114 2775 315 2861 p.xvfl1.),
338 2779 467 2841 maxime
489 2779 594 2862 quibus
611 2779 795 2863 adscriptum
809 2790 874 2845 erat
890 2800 932 2846 cx
951 2778 1020 2844 Oai.
1045 2781 1122 2864 qnod
1144 2779 1190 2843 in-

116 2901 280 2972 terpretora
303 2915 344 2958 ex
364 2893 490 2958 Ceionii
511 2902 602 2958 meto.
645 2895 765 2979 Reliqui
787 2897 865 2960 enim
884 2897 961 2975 mei,
985 2893 1192 2980 Guelferbyta-

119 3021 176 3066 nus
192 2999 237 3085 (G
249 3007 310 3067 vol.
320 3003 348 3067 I.
364 3009 458 3088 praei.
473 3005 744 3088 p.xx.11.1.a),
760 3008 1005 3072 Vrntialaviensis
1017 3009 1060 3091 (V
1076 3009 1138 3072 voi.
1148 3007 1191 3070 11.

117 3119 214 3205 praei.
234 3140 265 3204 p.
283 3116 328 3183 X.
347 3140 378 3182 a.
397 3120 464 3201 d.),
486 3117 726 3181 Mediolanenses
749 3119 779 3180 D
797 3120 872 3201 (voi,
894 3117 936 3179 11.
958 3121 1052 3201 praei.
1072 3140 1102 3200 p.
1117 3117 1194 3180 ΧΠ.

118 3258 147 3300 a.
171 3235 239 3320 14.)
253 3245 284 3300 et
300 3233 418 3320 E(voi.
437 3232 479 3300 ΙΙ.
498 3237 592 3320 praei.
613 3257 642 3320 p.
658 3231 735 3299 XII.
754 3255 782 3299 a.
802 3232 891 3318 do),
915 3232 982 3297 olim
998 3231 1196 3312 Trossicncs,

117 3375 195 3418 nunc
210 3352 390 3419 Havnienais
409 3352 453 3438 (Τ
469 3352 500 3417 in
517 3352 600 3415 libris
618 3353 654 3415 de
671 3350 908 3418 Providentiam
925 3353 961 3417 de
975 3350 1129 3418 Brevitate
1140 3349 1196 3417 Vi-

119 3481 167 3534 ne
182 3489 199 3532 a
213 3470 340 3535 'l'roaoio
363 3470 507 3548 conatus,
539 3491 599 3534 non
624 3470 819 3554 descriptus),
848 3467 1139 3556 Gryphiowaideneir
1159 3473 1196 3554 (g

118 3585 181 3650 vol.
191 3583 233 3649 11.
243 3588 337 3672 praei.
347 3610 377 3671 p.
387 3584 447 3649 XI.
463 3607 492 3650 a.
506 3597 538 3652 d.
557 3588 665 3673 passim
681 3588 804 3652 colinton
819 3609 836 3652 a
850 3585 1081 3671 Fredilaase),
1104 3586 1197 3651 tulto

120 3704 243 3769 minoris
257 3714 327 3768 sunt
345 3703 481 3784 habendi,
504 3697 707 3789 praeterquam
724 3706 803 3789 qnod
818 3702 846 3769 G
860 3705 939 3770 inter
955 3706 1055 3774 varias
1071 3704 1197 3788 scripto·

121 3842 188 3901 ras,
213 3831 271 3885 tam
289 3821 478 3885 interlineas
496 3842 580 3906 quam
599 3821 629 3885 in
653 3821 837 3906 marginibus
857 3823 1021 3908 appositas,
1051 3822 1197 3886 interdum

122 3937 210 4002 habet
239 3938 389 4003 meliores.
440 3937 508 4002 Nec
532 3938 628 4002 maior
653 3949 699 4002 esi
721 3940 817 4004 virius
844 3939 984 4004 librorum
1012 3937 1199 4022 acrioribus

122 4065 343 4138 nanrpatomme
362 4055 486 4141 quaeda
501 4055 547 4118 hia
564 4066 595 4120 et
605 4055 641 4120 de
655 4054 807 4142 impressio
819 4056 849 4120 in
860 4055 1088 4138 praefationibus
1102 4049 1196 4120 vom.

194 4299 215 4366 ‘)
233 4296 285 4348 vid.
301 4299 353 4350 rol.
366 4304 399 4354 ΙΙ.
416 4304 497 4372 picei.
514 4321 541 4371 p.
558 4308 629 4362 XIV.
645 4323 671 4358 n.
685 4308 717 4374 ⁸).
