2928 4864
580 359 798 424 pulsaturo,
1187 363 1226 424 tx

148 525 266 590 uerenis
295 523 405 591 Orator
425 536 484 592 ete.
520 525 598 592 Tur.
623 530 738 611 1850).
785 526 910 594 Praeter
932 527 1001 592 libri
1024 523 1227 611 sangallensis

28 619 30 704 l
146 643 310 728 scripturas
330 645 450 709 multum
474 663 521 709 me
548 645 659 710 adiuvit
683 644 741 710 riri
768 645 930 710 doctissimi
952 647 988 710 de
1010 643 1135 730 siugulis
1156 642 1228 707 loeis

28 801 29 832 p
147 762 306 826 sententia.

230 892 308 961 cot.
324 893 573 982 Guelferbytanus
587 894 644 979 (G)
664 893 843 980 [Extravag.
858 899 947 976 299.)
965 896 1087 961 membr.
1101 905 1134 961 t.
1151 895 1225 960 miu.

146 1031 210 1076 see.
226 1010 301 1079 XV.
320 1013 384 1078 roll.
400 1022 455 1076 ab.
469 1012 528 1077 eol.
547 1009 574 1088 Ι.
590 1013 666 1074 linn.
683 1019 732 1074 17.
776 1018 863 1068 tumne
888 1016 913 1082 1)
932 1020 1043 1070 benene
1063 1019 1148 1070 Ludna
1167 1018 1226 1087 (rot.

145 1125 266 1196 2-16.)
291 1129 319 1196 2)
336 1128 448 1179 Petronii
464 1125 606 1192 satyricos.
630 1125 659 1190 3)
677 1126 758 1176 Leon.
776 1123 892 1174 bertinus
907 1123 933 1172 iu
948 1124 1115 1174 Oeeoaomioa
1129 1125 1229 1176 Asiano-

146 1225 215 1278 telis.
253 1223 280 1292 1)
297 1225 459 1290 Heliogabali
485 1223 566 1274 oratio
582 1223 615 1275 ad
631 1222 782 1276 mmetrieee.
818 1221 904 1274 codex
920 1221 1020 1274 videtu
1034 1222 1061 1274 iu
1077 1223 1150 1276 ltalia
1164 1224 1230 1276 acri·

148 1333 211 1392 ptus
227 1340 281 1374 esee
292 1333 351 1392 post
363 1323 489 1376 inventam
506 1333 584 1376 artem
600 1322 815 1394 typographicam.
834 1323 902 1392 (Fuit
914 1320 1048 1404 aliquando
1057 1323 1163 1376 Parisios
1178 1324 1228 1376 de-

28 1445 30 1456 r
150 1421 236 1490 latua.)
275 1424 325 1476 Hie
350 1423 406 1476 eod.
430 1434 459 1474 ut
482 1424 620 1490 recentior,
645 1425 682 1477 ita
705 1423 784 1476 multo
808 1423 918 1477 deterior
942 1433 980 1475 eat
997 1423 1183 1478 valentianensi
1200 1435 1226 1478 et

28 1555 29 1560 =
145 1521 306 1591 sangallensi.

228 1638 355 1707 Praeter
366 1641 444 1707 lunii
458 1643 588 1708 eoliuem
603 1643 661 1708 ium
676 1654 869 1708 memoratum
882 1642 950 1708 olim
963 1641 1063 1708 collati
1075 1651 1144 1706 sunt
1154 1643 1222 1706 eod.

143 1755 448 1844 weissenburgensis
472 1760 560 1842 (eod.
580 1759 702 1844 Rbeu.)
725 1756 856 1824 aBeato
872 1759 1017 1823 llbeuano
1037 1760 1118 1843 (Gt.
1133 1761 1180 1842 t.)
1192 1759 1223 1844 1)

143 1885 175 1940 et
189 1875 255 1939 eotl.
268 1872 408 1941 Cumanis
425 1875 481 1959 (G)
496 1877 692 1962 nescioquis,
715 1869 839 1961 quorum
857 1874 904 1938 bie
916 1885 998 1938 eerte
1014 1872 1133 1939 Graeca
1149 1897 1225 1940 nou-

143 2011 288 2074 nusquam
303 2001 437 2076 praestat
447 1992 544 2054 miuus
557 2004 708 2076 corrupta,
731 1993 756 2056 si
775 1992 847 2055 bles
861 1989 963 2054 baberi
976 2000 1076 2076 potest
1086 1986 1223 2055 Curioni.

148 2103 299 2166 Gruterus
310 2103 391 2166 Ludi
408 2113 502 2165 mstos
517 2124 577 2165 uon
590 2105 711 2168 babuit:
735 2127 802 2168 nam
815 2126 857 2168 ex
873 2101 941 2168 Col.
960 2107 1007 2168 bie
1023 2107 1138 2171 libellus
1158 2117 1226 2173 erat

147 2229 305 2299 exsectus,
337 2219 369 2282 iu
390 2217 512 2303 reliquis
537 2241 596 2284 non
619 2221 728 2284 luerat.
774 2215 943 2284 Gronovius
971 2220 1017 2284 bis
1037 2221 1137 2284 laudat
1157 2224 1223 2286 eol.

142 2335 386 2417 llarlemeusem,
408 2333 529 2422 Lipsius
551 2335 642 2423 (Epp.
663 2334 719 2426 Q.)
741 2335 896 2421 aliquoties
916 2357 1014 2402 suum.

228 2467 264 2534 In
280 2469 441 2556 Rubkopbi
460 2491 545 2535 usum
563 2468 758 2554 Bredowius,
781 2471 850 2537 olim
865 2469 951 2538 Proi.
969 2470 1118 2554 llelmst.,
1142 2473 1223 2540 uoti-

142 2608 195 2653 ees
214 2584 368 2652 Parisinus
388 2589 444 2652 bus
467 2589 648 2654 contulerat:

86 2775 90 2782 ι
208 2722 234 2758 u.
262 2705 329 2774 (msa.
346 2705 377 2756 1..
396 2723 421 2756 ιι.
438 2701 524 2773 6630.)
543 2707 647 2758 membr.
665 2723 715 2758 eeu.
732 2707 803 2759 xm.

210 2808 236 2873 β.
261 2805 330 2863 (mss.
343 2806 375 2856 Ι..
391 2821 418 2856 n.
432 2801 519 2873 8717.)
542 2807 645 2858 membr.
670 2823 721 2858 seo.
744 2807 814 2860 xlv.
857 2807 941 2872 „Puit
962 2809 1012 2860 lae.
1033 2812 1098 2876 Aug.
1113 2809 1221 2874 Tbuani,

143 2911 233 2968 postea
256 2903 382 2968 Colberti,
407 2921 464 2955 enm
487 2904 636 2973 epigraphe:
663 2905 744 2954 Annei
764 2906 836 2957 Lucii
854 2909 949 2958 Seueoe
965 2906 998 2957 de
1014 2919 1096 2960 morte
1115 2908 1222 2970 Claudii,

145 2999 189 3068 qui
211 2997 302 3048 dieitur
322 2999 395 3050 ludus
418 3004 543 3063 Senecae,
568 3001 632 3050 liber
648 3001 744 3066 incipit.
779 3003 896 3068 Sequitur
917 3003 1077 3067 Epigramma
1099 3006 1223 3056 Martialis

143 3102 175 3165 V,
185 3094 229 3150 42.
247 3097 336 3148 neseio
353 3113 429 3165 quare
445 3095 605 3162 adscriptum.
630 3097 734 3145 bredow
752 3097 825 3148 amic.
842 3097 952 3146 monuit:
978 3133 994 3158 „
1003 3101 1126 3158 „Omnem
1142 3101 1226 3149 varie·

141 3209 221 3252 tatem
236 3199 309 3251 buius
325 3215 388 3250 auro
405 3206 432 3248 et
457 3194 581 3247 coloribus
606 3193 756 3247 ornatissimi
775 3194 868 3246 codicis
894 3211 1027 3262 exoerpere
1042 3195 1144 3264 gravior
1161 3207 1226 3248 esset

142 3301 222 3363 labor,
240 3317 314 3369 quam
331 3299 425 3368 Augiae
441 3295 566 3348 stabulum
582 3313 697 3365 purgare.
731 3295 858 3349 Nonnulla
874 3297 988 3360 tantum,
1005 3314 1068 3367 quae
1084 3307 1224 3350 memoratu

143 3401 220 3468 digna
245 3417 298 3452 ease
323 3399 453 3463 ridentur,
481 3397 628 3450 adsmibam.
664 3399 755 3450 Versus
769 3397 822 3464 illi,
849 3398 876 3450 ni
893 3397 982 3464 fallor,
1009 3399 1131 3453 Martialis
1148 3409 1220 3454 sunt:

144 3517 198 3552 mon
214 3499 305 3563 rideo,
322 3500 381 3566 qnid
398 3500 448 3551 hoe
464 3498 523 3550 loou
539 3498 587 3550 sibi
603 3498 710 3550 velint.“
720 3503 737 3530 “

213 3618 235 3652 c.
262 3601 297 3672 (u.
316 3595 400 3666 1936.)
417 3598 523 3666 membr.
540 3597 600 3650 olim
617 3596 693 3649 Ducis
711 3596 744 3649 de
763 3599 889 3665 belluam,
907 3617 956 3653 aec.
971 3603 1041 3656 XIV.

210 3701 237 3753 ul.
263 3701 299 3769 (ιι.
315 3695 402 3766 6389.)
420 3699 523 3750 membr.
538 3716 589 3751 see
606 3700 676 3751 xlv.

209 3819 232 3852 e.
259 3802 296 3870 (n.
313 3799 398 3866 5055.)
417 3800 512 3862 chart,
531 3798 592 3850 olim
611 3798 738 3863 lidberti,
755 3816 807 3851 see.
823 3801 895 3854 XlV.
913 3812 956 3854 aut
972 3803 1006 3855 in.
1023 3804 1083 3859 XV.

211 3901 231 3951 l'.
259 3901 295 3967 (ιι.
311 3897 399 3968 6395.)
417 3900 522 3951 membr.
540 3899 629 3952 eodem
646 3909 759 3967 tempore
776 3900 891 3969 scriptus.

192 4065 212 4116 ’)
225 4064 353 4109 Etleuam
365 4065 438 4123 ipatus
451 4065 557 4110 Rbmnl
576 4065 662 4120 (uult
677 4065 749 4118 tblb.)
770 4077 815 4109 nou
829 4066 928 4110 eontubr
954 4065 996 4111 aad
1008 4065 1108 4122 npetlta
1120 4069 1156 4112 eet
1168 4073 1221 4125 poet

142 4157 230 4204 paueat
242 4159 330 4193 menaea
343 4148 368 4192 ln
380 4151 420 4196 01.
446 4150 495 4194 ltae
509 4149 604 4206 contigit
617 4149 673 4195 mibi
686 4153 793 4195 exentera
811 4149 935 4194 editionem
947 4148 1007 4193 laudi
1019 4149 1157 4207 prlselpemt
1174 4152 1221 4196 lra-

143 4229 177 4277 ell
188 4227 275 4274 snut
287 4229 388 4278 snm
400 4232 424 4278 ln
437 4238 510 4280 morte
523 4233 616 4280 cunuti
629 4232 739 4278 Gaetula
752 4232 820 4278 latua
833 4245 906 4290 nuper
919 4235 1029 4290 repertur.
1053 4234 1074 4279 l.
1086 4247 1105 4282 a.
1118 4235 1134 4281 1.
1148 4239 1174 4282 et
1185 4247 1207 4280 a.
