2854 4884
243 340 305 410 744
537 337 768 398 FRAGMENTA
791 337 842 398 EX
865 336 1032 398 scelests

243 507 429 592 componitur
457 505 711 584 interabsentes,
743 524 797 567 nec
824 514 888 567 tuto
908 503 1043 588 epistulis
1073 503 1178 567 omnis
1211 507 1360 590 querella

243 608 451 686 committitur,
476 618 506 670 et
527 607 713 690 inexplorata
730 605 844 683 fronte,
868 623 1025 688 perquam
1043 607 1223 688 produntur
1240 609 1354 674 animi.

243 711 386 775 incertum
410 720 457 772 est
477 729 562 791 quam
586 707 757 793 simpliciter
772 706 926 789 detegatur
941 705 1004 784 ira,
1028 727 1118 789 quam
1139 707 1283 771 fideliter
1299 711 1357 772 de-

243 813 331 876 sinat.
376 807 429 874 Sin
455 809 550 872 amico
579 809 769 872 indicaturus
798 808 959 872 amicastu
980 817 1142 891 praesente
1165 811 1358 873 secondum

242 913 394 976 absentem
417 911 476 974 det.

329 1009 470 1096 Quisquis
486 1031 520 1074 re
542 1010 676 1074 consulta
697 1009 762 1073 ri..
778 1053 787 1072 .
801 1057 808 1071 .
822 1008 977 1072 contrabat
991 1009 1149 1093 plurimum
1175 1011 1295 1095 operis
1310 1015 1352 1076 ιι-

243 1115 301 1179 citr
332 1113 362 1176 in
376 1133 439 1176 rem
453 1121 639 1198 praesentem
655 1109 945 1195 perducatamicum.
985 1106 1255 1190 Quemadmodum
1272 1116 1356 1178 mul-

241 1227 273 1279 ιι
288 1235 412 1300 quorum
432 1213 462 1276 in
481 1213 610 1276 tenebris
629 1211 831 1290 audaciora,
855 1209 920 1274 luce
937 1211 1149 1296 probibentur3
1172 1213 1239 1292 ita,
1269 1237 1352 1298 quae

242 1315 381 1380 absentes
395 1314 518 1378 inritant
530 1323 560 1377 et
575 1313 735 1390 eonteitant,
754 1312 790 1374 ad
806 1310 1002 1395 praesentiam
1018 1313 1213 1376 uenierunt.
1255 1312 1349 1400 Opti-

242 1437 321 1481 mum
343 1427 389 1480 est
404 1416 522 1499 itaque,
552 1413 639 1477 etiarn
658 1411 769 1496 siquid
789 1409 993 1496 neglegentius
1015 1414 1274 1497 praetermissum
1297 1429 1340 1479 est

245 1516 379 1580 ....bu.
404 1537 454 1579 an.
478 1537 508 1579 u.
534 1515 641 1577 iactum
664 1533 716 1575 ere
731 1558 822 1576 .....
844 1523 1055 1597 conputatnm.
1079 1515 1337 1580 ..rerbi.....

241 1617 271 1680 in
293 1617 322 1679 id
344 1613 1356 1700 tempus...niq.opossit....nob.le..lere........ue.

241 1738 313 1804 pens
330 1716 386 1780 ad.
401 1715 560 1780 .nari..si
582 1725 788 1799 .praeterea
809 1715 970 1778 ιίιιιινιιι
992 1713 1162 1778 amicitiam
1187 1719 1274 1780 decet
1298 1731 1332 1780 ιιι

232 1819 306 1883 sine
328 1818 466 1882 cicatrice
487 1828 621 1882 sanetur.

327 1916 513 2001 Quaeramus
533 1939 551 1980 a
573 1916 759 1981 uenientibus
772 1916 840 2002 quid
857 1916 995 1980 absentes
1010 1926 1119 2000 agant,
1144 1918 1332 1984 debitoribus

240 2019 356 2083 illorum
378 2019 542 2100 instemus,
566 2018 759 2082 creditoribus
779 2016 1027 2103 respondeamus,
1051 2017 1181 2082 inimicis
1204 2021 1332 2084 resisu-
1390 2063 1391 2066 =

241 2140 324 2182 mus:
349 2119 375 2182 si
397 2131 513 2184 aut-
533 2157 576 2169 -
603 2157 637 2168 -

325 2216 366 2283 II.
391 2221 549 2306 quaeritis:
572 2222 671 2304 itaque
690 2229 836 2284 momento
849 2217 994 2282 amicitiae
1012 2229 1132 2283 uestrae
1147 2221 1325 2285 exolescunt

241 2343 364 2406 quarum
387 2341 470 2386 meus
492 2333 543 2386 ant
565 2323 679 2384 animus
701 2321 804 2406 pignus
826 2329 883 2384 est.

326 2421 393 2488 Una
411 2423 609 2510 peregrinatio
632 2423 727 2486 eradit
746 2421 842 2483 auimo
865 2421 910 2483 ius
932 2441 1037 2484 omne:
1061 2421 1088 2484 si
1109 2444 1180 2485 uero
1200 2423 1322 2506 longior

240 2523 313 2587 baec
339 2533 385 2586 est
406 2533 436 2586 et
457 2522 661 2606 longinquior,
696 2521 807 2584 excidit
829 2521 933 2583 notitia
957 2543 1094 2607 quinque,
1122 2545 1176 2585 non
1202 2533 1315 2585 tantum

240 2621 380 2686 amicitia.
426 2619 513 2703 Quod
533 2643 571 2684 ne
593 2622 684 2703 pnssit
706 2619 860 2698 cecidere,
893 2622 972 2682 omni
994 2644 1087 2706 opera
1103 2623 1249 2696 sistamus,
1275 2633 1309 2682 et

239 2721 399 2806 fugientem
418 2721 590 2784 memoriam
607 2719 796 2784 reducamus:
822 2731 954 2799 utamur,
978 2723 1055 2785 utin
1073 2723 1160 2808 prima
1172 2729 1253 2804 parte
1269 2720 1315 2783 di-

239 2822 359 2900 eebam,
383 2821 473 2886 animi
495 2823 668 2902 uelocitate,
692 2823 838 2886 nemiuem
863 2821 983 2886 anobis
1003 2824 1127 2886 amicum
1147 2821 1250 2885 abesse
1267 2843 1319 2906 pa·

240 2924 366 3002 damur,
397 2923 428 2986 iu
452 2923 579 2988 animum
603 2922 726 2986 subinde
749 2933 880 2986 nostrum
903 2934 1094 2986 reuertuntur
1115 2925 1211 2986 lutura
1233 2922 1319 2986 nobis

239 3033 373 3108 promtu,
397 3022 455 3086 iam
471 3034 504 3088 ut
524 3025 684 3109 praeterita
706 3034 889 3108 repetamusr
920 3023 1034 3086 sicilie
1056 3045 1181 3102 mantus,
1205 3024 1321 3087 sicera

239 3123 369 3186 ferebat:
394 3123 490 3208 imago
505 3126 663 3209 effingatnr
681 3124 779 3188 animo
798 3123 934 3186 notabilis
951 3135 1013 3186 ete
1037 3125 1106 3187 uiuo
1127 3123 1236 3206 petita,
1259 3146 1320 3187 non

240 3223 364 3288 euanida
386 3234 417 3287 et
437 3235 529 3289 muta.
575 3223 627 3289 Sic
649 3225 698 3288 ille
713 3243 836 3302 manus,
860 3223 903 3287 sic
921 3245 974 3287 nra
998 3224 1129 3287 larebat:
1158 3223 1319 3287 adiciamus

237 3324 287 3388 illa
304 3345 380 3410 quae
397 3327 490 3410 magis
509 3327 546 3390 ad
564 3346 626 3389 rem
637 3325 809 3411 pertinenti
839 3324 882 3388 sic
903 3323 1096 3408 loquebatur,
1119 3323 1163 3388 sie
1181 3325 1319 3388 hortaba-

238 3435 304 3504 tur,
333 3425 376 3490 sic
401 3427 586 3506 deterrebat,
616 3429 660 3491 sic
684 3425 796 3489 eratin
817 3424 913 3488 dando
933 3425 1057 3490 consilio
1082 3427 1256 3510 expeditus,
1287 3425 1320 3488 iu

237 3526 406 3609 accipiendo
419 3539 555 3612 paratus,
581 3528 611 3590 in
632 3527 770 3590 mutando
787 3547 846 3588 nnn
858 3526 1013 3610 pertinens
1037 3525 1081 3588 sic
1096 3525 1212 3590 solebat
1225 3525 1317 3590 bene-

237 3625 302 3690 ficia
321 3625 480 3689 liberaliter
496 3629 585 3706 dare,
608 3629 755 3713 patienter
768 3626 911 3711 perdere,
935 3627 978 3690 sic
993 3628 1169 3713 properabat
1182 3626 1317 3710 benigni·

237 3735 282 3790 tus
303 3724 388 3805 eius,
410 3726 454 3790 sie
476 3727 676 3806 irascebatur,
709 3747 745 3790 eo
765 3728 848 3792 uultu
869 3727 905 3792 ab
926 3726 1020 3791 amico
1042 3726 1233 3808 uincebatur,
1257 3747 1311 3808 qno

116 3825 120 3838 ”
237 3827 334 3894 solent
367 3827 506 3891 uincere=
540 3840 656 3892 ceteras
684 3828 809 3892 uirtutes
838 3849 1047 3915 pererremus,
1076 3829 1107 3891 in
1135 3829 1234 3891 barum
1254 3843 1311 3887 usu

236 3937 421 4012 tractmuque
443 3947 612 3993 uersemurr
647 3940 695 4007 et,
726 3929 752 3991 si
774 3930 873 4012 plnres
903 3931 1005 3994 ecdem
1035 3939 1167 4015 tempore
1193 3925 1310 4007 absunt,

235 4020 317 4094 uoluit
339 4049 443 4112 sparsa
462 4028 592 4114 pluribus
617 4029 690 4094 lucis
711 4029 842 4094 membra
864 4029 1209 4094 familiaritatisnostrae
1232 4027 1314 4091 colli-

234 4147 356 4207 gamus:
386 4151 463 4194 unnc
482 4129 548 4211 bic,
570 4151 648 4194 nunc
663 4130 713 4193 ille
735 4131 766 4194 in
788 4150 840 4193 ore
862 4128 1018 4214 animoque
1040 4130 1098 4210 sit,
1122 4128 1312 4194 ubi..e.ius

236 4268 264 4288 ..
277 4228 321 4290 si.
336 4229 539 4316 .bui.uempe
558 4252 629 4297 nese
653 4230 733 4296 nulla
748 4241 862 4307 tantum
883 4231 979 4318 possit
994 4241 1127 4300 newstas
1149 4240 1182 4294 ut
1203 4248 1309 4294 memo·
