2974 4872
243 391 308 456 350
336 389 388 451 Ao
412 385 601 448 Pottotttu
626 385 675 446 oti
697 377 998 446 cousottttotitt.
1027 383 1132 446 XVlll.
1150 389 1227 462 [lla-l

244 558 321 622 dilus
343 566 373 619 et
394 554 527 619 bacbaus
552 573 668 638 quicque
686 551 907 616 humanioribus
929 551 1031 635 mauis
1048 551 1182 617 fremitus
1198 554 1324 618 circum·

241 667 340 723 sonet.

241 796 382 858 quibusdam
401 793 543 842 animalibus
559 792 648 852 brulis,
664 803 764 851 quorum
798 787 831 837 ad
849 789 1037 837 consuetudinem
1054 803 1124 838 suam
1141 793 1243 853 finaliter
1258 795 1321 842 labe-

242 866 335 926 querela
360 863 483 924 iustificari
512 861 604 908 indetur
627 860 764 907 uuclarilale
798 859 890 904 boalur.
925 857 1014 916 Quorlo
1032 859 1065 904 ibi
1090 859 1237 908 Nostram
1259 874 1320 909 me·

244 933 337 980 Gulieni
353 929 515 978 ellrislolilis.
533 927 640 976 Secundo
657 927 764 974 ibilt'on
797 923 931 971 nercule.
963 923 1020 972 dicil
1036 925 1099 986 quod
1124 927 1175 974 uita
1201 929 1321 976 cuiuslibet

243 999 393 1060 ecipuuns
410 1001 542 1056 tempus.
566 998 676 1042 naturum
694 1006 764 1040 eccu-
797 993 1009 1052 qiiamumcumque
1027 993 1057 1039 eit
1078 993 1149 1053 lanpa
1167 994 1267 1042 dicendo
1286 999 1319 1044 est
1393 1025 1399 1038 .

242 1069 280 1113 sal
296 1066 388 1126 diceus,
407 1063 470 1125 quod
487 1067 577 1122 tempus
593 1062 655 1108 uitae
671 1064 765 1108 nostrae
797 1059 873 1105 breuis
885 1069 914 1104 ea
927 1069 953 1104 eo
965 1057 1028 1118 quod
1043 1072 1087 1120 per
1102 1064 1264 1121 occupationes
1282 1063 1320 1110 di·

241 1133 402 1194 quodcumque
425 1131 455 1178 sit
478 1129 538 1178 illud
560 1129 625 1176 nobis
648 1131 681 1175 est
696 1125 764 1186 suill-
797 1137 877 1172 uersus
901 1125 1013 1174 inutiliter
1036 1127 1138 1186 labitur,
1164 1142 1217 1176 cnm
1241 1133 1319 1178 lumen

242 1201 305 1248 ciens
324 1199 345 1247 si
359 1199 485 1260 prudenter
492 1198 640 1256 disponetur,
657 1194 697 1241 sed
707 1195 764 1252 quiu
797 1193 926 1238 eommunis
945 1193 975 1238 sil
998 1197 1110 1241 sententio
1126 1193 1188 1254 quod
1205 1197 1236 1242 ab
1252 1211 1320 1244 accu-

241 1281 284 1316 nos
309 1268 419 1314 inanibus
443 1264 545 1324 nepociis
567 1265 588 1310 el
607 1261 765 1320 uoluptatibus
796 1259 860 1318 palis
885 1258 945 1304 nibil
969 1263 1042 1318 potest
1067 1262 1153 1308 utiliter
1174 1265 1276 1312 exerceri
1298 1265 1320 1312 el

241 1335 321 1382 earnis
337 1333 410 1380 dediti
426 1335 516 1390 tempus
536 1333 639 1378 nostrum
655 1329 766 1375 inutiliter
797 1325 870 1372 mullo
878 1325 1067 1376 minuseeeroeri
1074 1331 1267 1388 polestalulibus
1278 1343 1320 1378 are

240 1401 362 1461 perdimus
379 1400 539 1448 brevissimum
555 1397 620 1444 »iobis
636 1408 683 1442 csse
699 1394 765 1441 cide·
796 1391 891 1438 uiuendi
907 1406 955 1452 quo
972 1394 1037 1441 uuila
1057 1395 1178 1454 difficilior
1197 1399 1319 1457 reperitur.

242 1471 298 1528 lur‚·
315 1467 478 1528 dequodicil
491 1477 539 1512 esse
555 1463 692 1510 mirandum
708 1462 765 1522 quia
799 1458 884 1518 Quinto
902 1459 933 1505 ibi
951 1461 1033 1520 quod
1055 1465 1212 1522 proposui
1236 1467 1263 1511 si
1287 1465 1319 1514 iu

242 1548 297 1582 oum
313 1547 392 1582 omnes
407 1533 558 1582 communiter
573 1531 602 1578 de
623 1529 765 1590 patrimonia
795 1529 910 1584 partes
933 1531 975 1574 elo.
1000 1541 1043 1587 per
1065 1529 1142 1576 locum
1165 1543 1181 1576 u
1206 1531 1320 1580 &visione

243 1603 289 1648 sint
313 1601 383 1649 avari
408 1614 450 1648 nec
474 1599 533 1647 illud
551 1599 580 1645 de
604 1597 672 1658 lucili
694 1595 765 1643 uelint
796 1593 881 1651 potat
896 1593 958 1652 prod
976 1595 1082 1654 occupati
1095 1609 1161 1644 amne
1177 1611 1246 1644 suum
1262 1603 1319 1645 tem·

241 1668 328 1727 partiri
344 1681 396 1714 cum
413 1667 501 1726 utiquo,
518 1669 609 1725 tempus
625 1675 694 1712 suum
711 1675 764 1712 cum
795 1671 842 1720 pus
866 1659 977 1708 inutiliter
997 1663 1099 1720 perdunt
1115 1676 1142 1710 .s.
1158 1666 1319 1726 praeleuum,

243 1735 349 1781 omnibus
365 1733 476 1793 facillime
490 1734 626 1793 partiuntur
641 1734 662 1777 el
678 1731 707 1777 de
724 1729 764 1776 illo
795 1739 907 1786 praescus
923 1730 943 1775 el
959 1728 1073 1789 futurum.
1103 1734 1124 1776 el
1140 1731 1245 1778 declarat
1261 1745 1320 1792 quoe

243 1804 297 1848 sunl
321 1801 415 1862 prodipi
440 1802 506 1848 cuius
529 1801 600 1847 solius
617 1799 711 1844 bonerto
731 1799 765 1844 esl
796 1793 903 1854 inlellipit
919 1799 1043 1854 occupatas
1059 1799 1080 1844 el
1092 1810 1148 1856 qnos
1162 1799 1259 1848 ociosos.
1276 1799 1319 1848 Se·

243 1869 355 1916 auaritia.
398 1869 475 1916 Tertia
500 1868 532 1915 ibi
559 1866 672 1913 audiet
695 1865 764 1924 ple·
796 1861 875 1908 cunda
891 1875 950 1920 pers
966 1863 1125 1911 subdieidilur
1141 1865 1166 1912 in
1184 1869 1229 1914 tres
1244 1869 1320 1927 porli-

242 1947 358 1996 rasque
379 1935 534 1983 dicentes.
567 1936 633 1980 notat
649 1932 764 1991 quosdam
797 1927 870 1977 culos.
896 1927 924 1976 ln
938 1931 1018 1988 prima
1032 1931 1151 1990 querelam
1160 1933 1257 1982 Paulini
1269 1935 1321 1996 [ra-

243 2003 284 2062 qui
307 2003 365 2062 reip.
382 2003 483 2064 nepociis
506 2002 542 2050 uel
559 2001 642 2061 officiis
665 1998 765 2058 publicis
796 1996 839 2040 tris
855 1996 893 2042 sui
909 2000 990 2043 contra
1006 1997 1126 2056 fortunam
1141 2005 1262 2061 exuperat.
1293 2003 1320 2052 lu

242 2069 349 2128 occupati
365 2070 491 2130 disponunt
507 2068 587 2128 officio
603 2071 657 2114 lunc
670 2065 765 2112 dunum
798 2062 902 2109 secundo
926 2065 959 2110 ibi
984 2065 1124 2113 Proinde
1147 2081 1321 2126 parcamus

241 2136 369 2196 relinquere
386 2150 415 2185 oc
441 2137 466 2184 in
491 2137 567 2184 ocium
590 2145 614 2182 se
639 2132 765 2191 transferre
795 2129 905 2188 proponit
930 2129 1007 2178 deesse
1031 2132 1135 2180 repudia
1159 2137 1321 2184 consolationis

242 2215 297 2252 oum
313 2203 346 2250 od
370 2207 507 2251 seneclulem
525 2203 670 2262 pervenerint
685 2200 765 2258 diapo-
798 2195 823 2242 in
840 2197 909 2243 lerlia
926 2197 959 2244 ibi
976 2199 1147 2259 Numquam
1171 2214 1225 2262 epo
1243 2217 1319 2262 pro·

242 2273 320 2318 nentes
341 2273 396 2318 lunc
411 2273 486 2318 uitam
502 2282 572 2316 suom
595 2267 696 2328 incipere
712 2278 765 2312 cum
798 2261 897 2310 libro.
914 2265 1030 2312 concludit
1040 2279 1086 2324 non
1102 2279 1149 2314 esse
1163 2269 1256 2326 penitus
1262 2282 1318 2328 pro·

242 2335 394 2384 menmium
420 2341 452 2384 est
480 2338 564 2384 uiuere.
606 2335 670 2382 ndat
694 2334 765 2380 elium
798 2328 923 2378 bibendum
948 2343 977 2378 ne
1002 2334 1054 2390 quis
1070 2333 1099 2379 de
1120 2337 1192 2380 morte
1215 2334 1317 2393 [rutrum

241 2403 357 2463 quasdam
374 2406 414 2462 qui
435 2404 511 2450 ocium
529 2402 689 2450 collaudantes
704 2401 766 2446 desi·
797 2397 834 2444 uel
851 2399 981 2445 amicorum
993 2399 1048 2460 fleat
1063 2399 1100 2446 uel
1109 2399 1200 2459 doleat,
1217 2400 1258 2447 sed
1278 2401 1316 2448 di-

242 2471 326 2516 derore
342 2482 366 2516 se
382 2471 462 2517 dicunt
483 2471 590 2529 publicos
613 2467 766 2514 administra·
798 2463 828 2510 cil
845 2475 899 2511 uim
914 2465 1071 2512 moderatione
1086 2465 1211 2513 dolendum
1227 2470 1248 2514 el
1264 2481 1318 2517 eum

242 2537 314 2584 tiones
331 2537 434 2584 decerem
459 2537 480 2583 ei
504 2536 644 2595 possibilitas
661 2535 728 2581 detur
744 2535 765 2580 el
798 2531 822 2580 iu
839 2531 918 2580 dolore
936 2532 1030 2578 madum
1053 2545 1100 2580 esse
1116 2535 1258 2581 seruandum
1275 2537 1317 2596 aui

243 2603 301 2650 lotes
324 2605 390 2651 erum
415 2605 440 2650 ul
458 2603 517 2651 alios
541 2605 689 2650 mutaverunt
708 2612 766 2647 nam
799 2609 839 2648 nec
855 2599 996 2662 impietatem
1012 2612 1052 2649 uec
1073 2599 1192 2650 insoniam
1208 2601 1319 2654 imitetur.

242 2683 296 2718 cum
312 2673 457 2732 encmperenl
473 2669 544 2726 vobo
569 2681 649 2718 eonem
667 2669 765 2730 allectus
