2854 4884
430 309 602 371 SENECAE
624 309 856 372 DEPElllll'l'lS.
1120 317 1183 390 745

103 481 179 543 riam
205 475 350 542 amicitiae
441 476 496 538 dac
518 522 568 539 ...
588 476 631 540 sic
647 496 706 540 uun
717 522 725 539 .
738 522 745 539 .
760 477 938 562 ..3...lum
963 488 1010 543 est
1021 525 1107 543 .....
1124 481 1181 548 liae

103 599 155 656 es,
166 599 200 642 se
218 575 353 640 interdu.
366 596 419 639 ,ιιι
442 576 492 639 lati
514 576 591 640 solet
605 576 711 640 inicum
726 587 773 641 est
784 597 869 661 quam
885 576 972 643 ualde
988 577 1070 644 illum
1087 600 1181 646 amem

33 741 37 778 Ι
104 675 286 742 couscientia
307 696 342 740 ea
363 697 419 740 con
431 722 520 739 .....
939 669 943 678 ’

189 773 247 840 ΙΙΙ.
272 815 313 826 -
334 779 463 862 [notitia
478 779 578 842 alcimi
592 798 661 842 esse
674 777 802 857 eet·]tior
818 777 916 858 debet,
940 779 1121 864 quianullus
1136 782 1181 845 in·

104 885 204 941 centus
228 887 285 941 est.
337 875 464 962 Magnos
492 877 648 941 humanum
676 889 778 958 peetus
802 891 939 943 recessus
962 879 1069 943 habeta
1104 883 1181 965 quod

104 979 195 1042 melta
211 999 270 1061 quo
291 979 388 1064 placet
402 978 497 1043 vimus
519 998 556 1042 eo
573 979 654 1042 loeus
675 977 881 1058 adumbratur,
909 989 940 1043 et
954 981 1181 1065 cogitationibus

106 1078 241 1162 pessimis
263 1079 354 1143 facies
375 1077 584 1162 benignissima
603 1077 774 1143 obducitur:
806 1099 862 1144 nec
884 1079 970 1144 laeile
991 1081 1050 1145 uisi
1070 1083 1182 1168 petitus

105 1179 259 1262 intellegas
285 1179 353 1264 quid
377 1179 496 1243 intersit
522 1179 601 1242 iuter
621 1177 750 1242 animum
771 1179 857 1243 amici
878 1190 909 1244 et
929 1181 1070 1246 colorem.
1115 1182 1182 1247 Hoc

106 1278 161 1342 sibi
184 1281 307 1364 quisque
328 1289 473 1364 proponat
493 1299 550 1364 qno
574 1278 669 1342 minus
692 1278 776 1343 facile
794 1280 897 1343 lucetis
911 1281 1180 1366 capiatuaofficiis:

106 1401 174 1443 cara
189 1391 236 1444 est
255 1379 400 1443 amicitia:
426 1377 555 1462 uulgaris
577 1388 628 1443 aut
649 1379 783 1462 exposita
805 1391 838 1444 ut
858 1379 970 1465 inplere
987 1391 1064 1446 totas
1078 1382 1181 1446 domus

106 1480 198 1564 possit
218 1479 305 1564 uulgo
327 1480 382 1544 sibi
399 1479 531 1544 homines
544 1498 731 1564 persuasere.
776 1479 826 1542 An
840 1499 942 1543 aucum
963 1482 1076 1565 ingenti
1092 1501 1183 1564 opera

33 1561 36 1602 ⁵
91 1580 167 1664 ¹tegi
188 1581 327 1660 creditis,
350 1581 433 1644 cuius
455 1579 561 1662 ubique
583 1578 707 1661 quaesiti
728 1579 782 1642 vix
803 1580 857 1644 sub
877 1581 973 1664 aliquo
989 1591 1089 1644 moute
1103 1601 1183 1646 vena

105 1681 349 1765 deprehenditur3
374 1680 498 1743 amicum
520 1688 618 1742 autem
639 1677 745 1762 ubique
767 1678 912 1758 iuuenili,
936 1680 1001 1744 sine
1020 1680 1080 1744 ullo
1100 1681 1182 1745 labo·

105 1802 158 1858 ne,
189 1781 254 1844 sine
277 1781 335 1844 ulla
362 1778 613 1862 inuestigationel
656 1775 735 1860 Quid
764 1779 842 1842 enim
865 1789 921 1843 tam
950 1779 1076 1866 simplex
1097 1801 1182 1864 aper·

106 1889 224 1962 tumque
246 1881 313 1942 estl
355 1878 446 1963 Atqui
477 1900 535 1942 non
559 1878 674 1970 tamin
704 1879 763 1942 alto
785 1879 859 1943 latet
885 1900 989 1943 aarum
1015 1891 1181 1964 argentum-

105 1998 352 2064 m—--

108 2163 228 2247 decipit
251 2117 539 2230 eimuou'ntnnuci
560 2161 706 2228 Senecae
727 2162 768 2226 de
797 2165 865 2226 uite
883 2167 995 2246 putris
1017 2162 1181 2248 feliciter:

209 2265 371 2329 somnam
387 2284 466 2328 tae..
478 2309 485 2325 .
496 2309 522 2326 ..
545 2263 599 2328 dic
614 2270 646 2328 et
661 2263 757 2348 lo[eo]
774 2265 900 2348 s[uprc]
916 2264 1074 2348 qmtptol
1086 2353 1100 2368 Μ

191 2377 226 2444 Si
245 2401 435 2466 quaeeunque
451 2381 606 2465 conposuit
627 2390 709 2465 pater
731 2401 815 2444 mens
840 2392 871 2444 et
890 2379 936 2443 edi
958 2381 1050 2444 uoluit
1071 2381 1130 2444 iam
1151 2382 1182 2444 in

107 2500 211 2545 manus
227 2480 324 2567 populi
340 2482 516 2559 emisissem,
532 2481 569 2543 ad
579 2480 741 2543 claritatem
757 2481 885 2544 nominis
900 2480 945 2544 sui
961 2481 1033 2544 satis
1047 2480 1103 2545 sibi
1118 2481 1182 2564 ipse

105 2591 316 2665 puospexeratc
341 2602 408 2643 nam
426 2581 549 2660 nisime
571 2579 678 2663 decipit
699 2580 809 2664 pietas,
833 2580 917 2642 cuius
934 2580 1075 2644 honestus
1093 2582 1182 2644 etiam

106 2698 194 2742 error
215 2688 280 2753 est,
314 2679 392 2740 inter
412 2700 465 2740 eos
487 2677 645 2739 haberetur
666 2680 715 2758 qui
744 2679 863 2758 ingenio
886 2690 1057 2742 meruerunt
1077 2690 1110 2742 ut
1130 2701 1183 2763 pu-

107 2778 150 2841 ris
170 2777 369 2856 suspectam
396 2775 487 2838 titulis
514 2774 627 2836 nobiles
649 2785 760 2836 essent.
806 2773 947 2856 Quisquis
975 2777 1098 2859 legisset
1119 2779 1183 2842 eius

108 2874 249 2938 historias
266 2873 303 2936 ab
319 2873 403 2936 initio
424 2872 566 2936 bellunum
581 2871 723 2948 ciuilium,
748 2872 824 2934 unde
841 2873 963 2956 primum
976 2876 1087 2937 ueritas
1100 2885 1181 2938 retro

108 2974 200 3052 abiit,
232 2992 325 3057 paene
354 2992 447 3055 usque
474 2971 510 3033 ad
539 2967 643 3033 montis
671 2991 744 3034 suae
766 2971 862 3049 diem,
896 2972 993 3054 magni
1014 2973 1185 3037 aestimaret

109 3074 189 3138 scire
208 3071 312 3157 quibam
333 3081 419 3135 natus
442 3081 522 3135 esset
542 3069 712 3155 parentibus
733 3070 782 3135 illc
804 3071 852 3153 qui
873 3091 922 3134 res
939 3070 1118 3158 lloma[aus]
1141 3111 1183 3122 —

164 4277 267 4320 Scaeae
280 4285 316 4329 op.
330 4270 366 4315 ed.
380 4269 474 4314 Fickert
487 4269 526 4313 lll.
