<?xml version="1.0" encoding="UTF-8"?>
<!DOCTYPE html PUBLIC "-//W3C//DTD XHTML 1.0 Transitional//EN"
    "http://www.w3.org/TR/xhtml1/DTD/xhtml1-transitional.dtd">
<html xmlns="http://www.w3.org/1999/xhtml" xml:lang="en" lang="en">
 <head>
  <title>
</title>
<meta http-equiv="Content-Type" content="text/html;charset=utf-8" />
  <meta name='ocr-system' content='tesseract 3.04.00' />
  <meta name='ocr-capabilities' content='ocr_page ocr_carea ocr_par ocr_line ocrx_word'/>
</head>
<body>
  <div class='ocr_page' id='page_1' title='image "./lannaeisenecaeo03fickgoog/lannaeisenecaeo03fickgoog_0013.png"; bbox 0 0 2928 4864; ppageno 0'>
   <div class='ocr_carea' id='block_1_1' title="bbox 236 423 884 486">
    <p class='ocr_par' dir='ltr' id='par_1_1' title="bbox 236 423 884 486">
     <span class='ocr_line' id='line_1_1' title="bbox 236 423 884 486; baseline -0.003 -2"><span class='ocrx_word' id='word_1_1' title='bbox 236 425 275 484; x_wconf 88' lang='lat' dir='ltr'>Vl</span> <span class='ocrx_word' id='word_1_2' title='bbox 665 423 884 486; x_wconf 72' lang='lat' dir='ltr'>Pnnttttntto.</span> 
     </span>
    </p>
   </div>
   <div class='ocr_carea' id='block_1_2' title="bbox 237 584 1317 1142">
    <p class='ocr_par' dir='ltr' id='par_1_2' title="bbox 237 584 1317 1142">
     <span class='ocr_line' id='line_1_2' title="bbox 237 584 1315 674; baseline -0.002 -22"><span class='ocrx_word' id='word_1_3' title='bbox 237 600 268 653; x_wconf 91' lang='lat' dir='ltr'>et</span> <span class='ocrx_word' id='word_1_4' title='bbox 283 584 326 652; x_wconf 90' lang='lat' dir='ltr'>ll.</span> <span class='ocrx_word' id='word_1_5' title='bbox 350 587 474 672; x_wconf 78' lang='lat' dir='ltr'><strong>scripsi,</strong></span> <span class='ocrx_word' id='word_1_6' title='bbox 504 587 551 650; x_wconf 86' lang='lat' dir='ltr'>bie</span> <span class='ocrx_word' id='word_1_7' title='bbox 571 596 706 672; x_wconf 76' lang='lat' dir='ltr'>mpetere</span> <span class='ocrx_word' id='word_1_8' title='bbox 728 589 919 674; x_wconf 79' lang='lat' dir='ltr'>supersedeo.</span> <span class='ocrx_word' id='word_1_9' title='bbox 964 586 1070 651; x_wconf 80' lang='lat' dir='ltr'>Adiioe</span> <span class='ocrx_word' id='word_1_10' title='bbox 1092 597 1212 668; x_wconf 86' lang='lat' dir='ltr'>tanen,</span> <span class='ocrx_word' id='word_1_11' title='bbox 1236 587 1315 671; x_wconf 82' lang='lat' dir='ltr'>quod</span> 
     </span>
     <span class='ocr_line' id='line_1_3' title="bbox 239 700 1317 786; baseline -0.004 -16"><span class='ocrx_word' id='word_1_12' title='bbox 239 703 386 770; x_wconf 74' lang='lat' dir='ltr'>Gruterus</span> <span class='ocrx_word' id='word_1_13' title='bbox 405 704 435 767; x_wconf 92' lang='lat' dir='ltr'>in</span> <span class='ocrx_word' id='word_1_14' title='bbox 452 703 534 768; x_wconf 85' lang='lat' dir='ltr'>libris</span> <span class='ocrx_word' id='word_1_15' title='bbox 550 703 586 769; x_wconf 93' lang='lat' dir='ltr'>de</span> <span class='ocrx_word' id='word_1_16' title='bbox 601 701 804 784; x_wconf 85' lang='lat' dir='ltr'>Providentia,</span> <span class='ocrx_word' id='word_1_17' title='bbox 827 705 863 768; x_wconf 93' lang='lat' dir='ltr'>de</span> <span class='ocrx_word' id='word_1_18' title='bbox 879 700 1067 786; x_wconf 82' lang='lat' dir='ltr'>Constantia,</span> <span class='ocrx_word' id='word_1_19' title='bbox 1091 705 1129 768; x_wconf 89' lang='lat' dir='ltr'>de</span> <span class='ocrx_word' id='word_1_20' title='bbox 1140 703 1210 769; x_wconf 89' lang='lat' dir='ltr'>Vita</span> <span class='ocrx_word' id='word_1_21' title='bbox 1220 701 1317 768; x_wconf 82' lang='lat' dir='ltr'>Beata</span> 
     </span>
     <span class='ocr_line' id='line_1_4' title="bbox 238 817 1314 907; baseline 0 -23"><span class='ocrx_word' id='word_1_22' title='bbox 238 817 418 907; x_wconf 70' lang='lat' dir='ltr'>praeterPt.</span> <span class='ocrx_word' id='word_1_23' title='bbox 428 826 458 884; x_wconf 81' lang='lat' dir='ltr'>a.</span> <span class='ocrx_word' id='word_1_24' title='bbox 469 828 498 884; x_wconf 80' lang='lat' dir='ltr'>t.</span> <span class='ocrx_word' id='word_1_25' title='bbox 509 817 577 886; x_wconf 83' lang='lat' dir='ltr'>Col.</span> <span class='ocrx_word' id='word_1_26' title='bbox 588 843 660 886; x_wconf 90' lang='lat' dir='ltr'>usus</span> <span class='ocrx_word' id='word_1_27' title='bbox 672 832 719 886; x_wconf 87' lang='lat' dir='ltr'>est</span> <span class='ocrx_word' id='word_1_28' title='bbox 732 822 834 886; x_wconf 87' lang='lat' dir='ltr'>eodiee</span> <span class='ocrx_word' id='word_1_29' title='bbox 842 819 1009 901; x_wconf 66' lang='lat' dir='ltr'>(irtelionm</span> <span class='ocrx_word' id='word_1_30' title='bbox 1021 820 1050 887; x_wconf 91' lang='lat' dir='ltr'>V</span> <span class='ocrx_word' id='word_1_31' title='bbox 1060 843 1127 886; x_wconf 89' lang='lat' dir='ltr'>meo</span> <span class='ocrx_word' id='word_1_32' title='bbox 1137 821 1224 884; x_wconf 85' lang='lat' dir='ltr'><strong>simili</strong></span> <span class='ocrx_word' id='word_1_33' title='bbox 1239 821 1314 885; x_wconf 87' lang='lat' dir='ltr'>iere.</span> 
     </span>
     <span class='ocr_line' id='line_1_5' title="bbox 238 933 1316 1023; baseline 0.002 -23"><span class='ocrx_word' id='word_1_34' title='bbox 238 933 411 1004; x_wconf 79' lang='lat' dir='ltr'>Gronovius</span> <span class='ocrx_word' id='word_1_35' title='bbox 430 947 528 1002; x_wconf 83' lang='lat' dir='ltr'>nutem</span> <span class='ocrx_word' id='word_1_36' title='bbox 543 959 760 1023; x_wconf 82' lang='lat' dir='ltr'>nonnumquam</span> <span class='ocrx_word' id='word_1_37' title='bbox 776 939 875 1003; x_wconf 89' lang='lat' dir='ltr'>laudat</span> <span class='ocrx_word' id='word_1_38' title='bbox 890 937 956 1002; x_wconf 87' lang='lat' dir='ltr'>cod.</span> <span class='ocrx_word' id='word_1_39' title='bbox 974 936 1222 1018; x_wconf 82' lang='lat' dir='ltr'>Bruxellensem,</span> <span class='ocrx_word' id='word_1_40' title='bbox 1247 959 1316 1002; x_wconf 85' lang='lat' dir='ltr'>roro</span> 
     </span>
     <span class='ocr_line' id='line_1_6' title="bbox 238 1051 1316 1142; baseline 0 -24"><span class='ocrx_word' id='word_1_41' title='bbox 238 1054 297 1118; x_wconf 94' lang='lat' dir='ltr'>duo</span> <span class='ocrx_word' id='word_1_42' title='bbox 311 1051 539 1120; x_wconf 76' lang='lat' dir='ltr'>bruxellenses.</span> <span class='ocrx_word' id='word_1_43' title='bbox 582 1052 745 1122; x_wconf 84' lang='lat' dir='ltr'>Praeterea</span> <span class='ocrx_word' id='word_1_44' title='bbox 761 1057 791 1120; x_wconf 93' lang='lat' dir='ltr'>in</span> <span class='ocrx_word' id='word_1_45' title='bbox 810 1056 922 1137; x_wconf 88' lang='lat' dir='ltr'>libello,</span> <span class='ocrx_word' id='word_1_46' title='bbox 946 1057 993 1142; x_wconf 88' lang='lat' dir='ltr'>qui</span> <span class='ocrx_word' id='word_1_47' title='bbox 1009 1056 1046 1120; x_wconf 90' lang='lat' dir='ltr'>de</span> <span class='ocrx_word' id='word_1_48' title='bbox 1059 1053 1252 1120; x_wconf 86' lang='lat' dir='ltr'>Providentia</span> <span class='ocrx_word' id='word_1_49' title='bbox 1267 1075 1316 1119; x_wconf 88' lang='lat' dir='ltr'>so·</span> 
     </span>
    </p>
   </div>
   <div class='ocr_carea' id='block_1_3' title="bbox 237 1149 1317 1599">
    <p class='ocr_par' dir='ltr' id='par_1_3' title="bbox 237 1149 1317 1599">
     <span class='ocr_line' id='line_1_7' title="bbox 237 1149 1316 1258; baseline -0.003 -22"><span class='ocrx_word' id='word_1_50' title='bbox 237 1170 280 1236; x_wconf 92' lang='lat' dir='ltr'>let</span> <span class='ocrx_word' id='word_1_51' title='bbox 295 1171 437 1253; x_wconf 76' lang='lat' dir='ltr'>inscribi,</span> <span class='ocrx_word' id='word_1_52' title='bbox 460 1168 499 1235; x_wconf 89' lang='lat' dir='ltr'>B.</span> <span class='ocrx_word' id='word_1_53' title='bbox 520 1171 561 1235; x_wconf 83' lang='grc' dir='ltr'><strong>Α.</strong></span> <span class='ocrx_word' id='word_1_54' title='bbox 576 1149 717 1258; x_wconf 75' lang='lat' dir='ltr'>Nauta*)</span> <span class='ocrx_word' id='word_1_55' title='bbox 730 1174 854 1238; x_wconf 87' lang='lat' dir='ltr'>duorum</span> <span class='ocrx_word' id='word_1_56' title='bbox 871 1174 957 1239; x_wconf 86' lang='lat' dir='ltr'>oodd.</span> <span class='ocrx_word' id='word_1_57' title='bbox 974 1170 1215 1258; x_wconf 74' lang='lat' dir='ltr'>Lugdunensium</span> <span class='ocrx_word' id='word_1_58' title='bbox 1232 1169 1316 1255; x_wconf 73' lang='lat' dir='ltr'>(llo)</span> 
     </span>
     <span class='ocr_line' id='line_1_8' title="bbox 237 1287 1314 1373; baseline 0 -23"><span class='ocrx_word' id='word_1_59' title='bbox 237 1288 397 1372; x_wconf 76' lang='lat' dir='ltr'>scripturas</span> <span class='ocrx_word' id='word_1_60' title='bbox 415 1288 586 1373; x_wconf 83' lang='lat' dir='ltr'>proposuit,</span> <span class='ocrx_word' id='word_1_61' title='bbox 610 1309 732 1370; x_wconf 86' lang='lat' dir='ltr'>quorum</span> <span class='ocrx_word' id='word_1_62' title='bbox 752 1290 828 1351; x_wconf 85' lang='lat' dir='ltr'>alter</span> <span class='ocrx_word' id='word_1_63' title='bbox 844 1290 912 1351; x_wconf 92' lang='lat' dir='ltr'>olim</span> <span class='ocrx_word' id='word_1_64' title='bbox 936 1291 1031 1352; x_wconf 88' lang='lat' dir='ltr'>iuerat</span> <span class='ocrx_word' id='word_1_65' title='bbox 1046 1287 1157 1352; x_wconf 85' lang='lat' dir='ltr'>Frnno.</span> <span class='ocrx_word' id='word_1_66' title='bbox 1176 1287 1314 1366; x_wconf 76' lang='lat' dir='ltr'><strong>Fabricii,</strong></span> 
     </span>
     <span class='ocr_line' id='line_1_9' title="bbox 238 1397 1317 1486; baseline 0.002 -22"><span class='ocrx_word' id='word_1_67' title='bbox 238 1401 315 1464; x_wconf 86' lang='lat' dir='ltr'>alter</span> <span class='ocrx_word' id='word_1_68' title='bbox 333 1398 376 1465; x_wconf 92' lang='lat' dir='ltr'>ls.</span> <span class='ocrx_word' id='word_1_69' title='bbox 389 1397 511 1464; x_wconf 82' lang='lat' dir='ltr'>Vossiis</span> <span class='ocrx_word' id='word_1_70' title='bbox 535 1401 582 1463; x_wconf 87' lang='lat' dir='ltr'>lrio</span> <span class='ocrx_word' id='word_1_71' title='bbox 599 1421 664 1464; x_wconf 90' lang='lat' dir='ltr'>eum</span> <span class='ocrx_word' id='word_1_72' title='bbox 689 1421 756 1466; x_wconf 88' lang='lat' dir='ltr'>meo</span> <span class='ocrx_word' id='word_1_73' title='bbox 777 1423 798 1486; x_wconf 72' lang='lat' dir='ltr'><strong>g</strong></span> <span class='ocrx_word' id='word_1_74' title='bbox 816 1402 894 1465; x_wconf 89' lang='lat' dir='ltr'>solet</span> <span class='ocrx_word' id='word_1_75' title='bbox 912 1401 1080 1465; x_wconf 84' lang='lat' dir='ltr'>consentire</span> <span class='ocrx_word' id='word_1_76' title='bbox 1102 1413 1134 1464; x_wconf 89' lang='lat' dir='ltr'>et</span> <span class='ocrx_word' id='word_1_77' title='bbox 1153 1403 1247 1466; x_wconf 82' lang='lat' dir='ltr'>altero</span> <span class='ocrx_word' id='word_1_78' title='bbox 1270 1415 1317 1468; x_wconf 89' lang='lat' dir='ltr'>est</span> 
     </span>
     <span class='ocr_line' id='line_1_10' title="bbox 237 1515 485 1599; baseline 0.004 -20"><span class='ocrx_word' id='word_1_79' title='bbox 237 1515 322 1599; x_wconf 78' lang='lat' dir='ltr'>paulo</span> <span class='ocrx_word' id='word_1_80' title='bbox 344 1515 485 1580; x_wconf 76' lang='lat' dir='ltr'>deterior.</span> 
     </span>
    </p>
   </div>
   <div class='ocr_carea' id='block_1_4' title="bbox 237 1695 1315 1882">
    <p class='ocr_par' dir='ltr' id='par_1_4' title="bbox 237 1695 1315 1882">
     <span class='ocr_line' id='line_1_11' title="bbox 322 1695 1315 1783; baseline 0.006 -22"><span class='ocrx_word' id='word_1_81' title='bbox 322 1696 372 1762; x_wconf 79' lang='lat' dir='ltr'>Ad</span> <span class='ocrx_word' id='word_1_82' title='bbox 391 1695 553 1763; x_wconf 73' lang='lat' dir='ltr'>Naturales</span> <span class='ocrx_word' id='word_1_83' title='bbox 569 1697 767 1783; x_wconf 81' lang='lat' dir='ltr'>Quaestiones</span> <span class='ocrx_word' id='word_1_84' title='bbox 789 1696 986 1768; x_wconf 81' lang='lat' dir='ltr'>emendandas</span> <span class='ocrx_word' id='word_1_85' title='bbox 1007 1697 1124 1764; x_wconf 76' lang='lat' dir='ltr'>adhibui</span> <span class='ocrx_word' id='word_1_86' title='bbox 1146 1709 1208 1766; x_wconf 87' lang='lat' dir='ltr'>tres</span> <span class='ocrx_word' id='word_1_87' title='bbox 1223 1699 1315 1767; x_wconf 86' lang='lat' dir='ltr'>libros</span> 
     </span>
     <span class='ocr_line' id='line_1_12' title="bbox 237 1812 535 1882; baseline 0.007 -4"><span class='ocrx_word' id='word_1_88' title='bbox 237 1822 342 1880; x_wconf 85' lang='lat' dir='ltr'>mstos.</span> <span class='ocrx_word' id='word_1_89' title='bbox 387 1812 429 1882; x_wconf 86' lang='lat' dir='ltr'>lli</span> <span class='ocrx_word' id='word_1_90' title='bbox 449 1826 535 1882; x_wconf 77' lang='lat' dir='ltr'>eunte</span> 
     </span>
    </p>
   </div>
   <div class='ocr_carea' id='block_1_5' title="bbox 237 1943 1316 2141">
    <p class='ocr_par' dir='ltr' id='par_1_5' title="bbox 237 1943 1316 2141">
     <span class='ocr_line' id='line_1_13' title="bbox 321 1943 1312 2033; baseline -0.002 -20"><span class='ocrx_word' id='word_1_91' title='bbox 321 1946 348 2013; x_wconf 90' lang='lat' dir='ltr'>l.</span> <span class='ocrx_word' id='word_1_92' title='bbox 371 1945 600 2033; x_wconf 77' lang='lat' dir='ltr'>Bambergensis</span> <span class='ocrx_word' id='word_1_93' title='bbox 617 1945 673 2030; x_wconf 89' lang='lat' dir='ltr'>(B)</span> <span class='ocrx_word' id='word_1_94' title='bbox 690 1945 747 2030; x_wconf 88' lang='grc' dir='ltr'>[Μ.</span> <span class='ocrx_word' id='word_1_95' title='bbox 765 1945 823 2013; x_wconf 84' lang='lat' dir='ltr'>IV.</span> <span class='ocrx_word' id='word_1_96' title='bbox 836 1956 887 2013; x_wconf 85' lang='lat' dir='ltr'>te.</span> <span class='ocrx_word' id='word_1_97' title='bbox 907 1943 998 2012; x_wconf 85' lang='lat' dir='ltr'>lseek</span> <span class='ocrx_word' id='word_1_98' title='bbox 1012 1945 1056 2012; x_wconf 88' lang='lat' dir='ltr'>N.</span> <span class='ocrx_word' id='word_1_99' title='bbox 1068 1949 1177 2030; x_wconf 64' lang='lat'>1⁰89]</span> <span class='ocrx_word' id='word_1_100' title='bbox 1189 1949 1312 2014; x_wconf 85' lang='lat' dir='ltr'>membr.</span> 
     </span>
     <span class='ocr_line' id='line_1_14' title="bbox 237 2060 1316 2141; baseline 0 -15"><span class='ocrx_word' id='word_1_101' title='bbox 237 2081 300 2128; x_wconf 86' lang='lat' dir='ltr'>seo.</span> <span class='ocrx_word' id='word_1_102' title='bbox 318 2060 378 2127; x_wconf 80' lang='lat' dir='ltr'>xl.</span> <span class='ocrx_word' id='word_1_103' title='bbox 396 2065 458 2130; x_wconf 87' lang='lat' dir='ltr'>loll.</span> <span class='ocrx_word' id='word_1_104' title='bbox 476 2074 530 2131; x_wconf 79' lang='grc'><strong>69.</strong></span> <span class='ocrx_word' id='word_1_105' title='bbox 548 2066 607 2134; x_wconf 88' lang='lat' dir='ltr'>eol.</span> <span class='ocrx_word' id='word_1_106' title='bbox 626 2076 656 2132; x_wconf 87' lang='lat' dir='ltr'>l.</span> <span class='ocrx_word' id='word_1_107' title='bbox 674 2066 748 2132; x_wconf 88' lang='lat' dir='ltr'>linn.</span> <span class='ocrx_word' id='word_1_108' title='bbox 762 2075 815 2132; x_wconf 80' lang='lat' dir='ltr'>aa.</span> <span class='ocrx_word' id='word_1_109' title='bbox 832 2063 900 2132; x_wconf 87' lang='lat' dir='ltr'>Ful.</span> <span class='ocrx_word' id='word_1_110' title='bbox 932 2072 1052 2126; x_wconf 62' lang='lat' dir='ltr'>mudum</span> <span class='ocrx_word' id='word_1_111' title='bbox 1065 2084 1167 2141; x_wconf 76' lang='lat' dir='ltr'>onerer</span> <span class='ocrx_word' id='word_1_112' title='bbox 1181 2073 1316 2127; x_wconf 71' lang='lat' dir='ltr'>sluttere.</span> 
     </span>
    </p>
   </div>
   <div class='ocr_carea' id='block_1_6' title="bbox 238 2179 1376 2251">
    <p class='ocr_par' dir='ltr' id='par_1_6' title="bbox 238 2179 1376 2251">
     <span class='ocr_line' id='line_1_15' title="bbox 238 2179 1376 2251; baseline -0.009 -9"><span class='ocrx_word' id='word_1_113' title='bbox 238 2179 353 2242; x_wconf 62' lang='lat' dir='ltr'>Quaerit·</span> <span class='ocrx_word' id='word_1_114' title='bbox 366 2184 477 2237; x_wconf 74' lang='lat' dir='ltr'>besuense</span> <span class='ocrx_word' id='word_1_115' title='bbox 493 2183 661 2241; x_wconf 69' lang='grc'><strong>1019-45.</strong></span> <span class='ocrx_word' id='word_1_116' title='bbox 696 2187 767 2239; x_wconf 84' lang='lat' dir='ltr'>Libri</span> <span class='ocrx_word' id='word_1_117' title='bbox 782 2188 828 2238; x_wconf 89' lang='lat'>111.</span> <span class='ocrx_word' id='word_1_118' title='bbox 846 2203 900 2251; x_wconf 85' lang='lat' dir='ltr'>esp.</span> <span class='ocrx_word' id='word_1_119' title='bbox 916 2180 956 2234; x_wconf 83' lang='lat'>18.</span> <span class='ocrx_word' id='word_1_120' title='bbox 972 2183 1065 2249; x_wconf 76' lang='lat' dir='ltr'>legitur</span> <span class='ocrx_word' id='word_1_121' title='bbox 1079 2193 1138 2248; x_wconf 84' lang='lat' dir='ltr'>post</span> <span class='ocrx_word' id='word_1_122' title='bbox 1152 2200 1208 2248; x_wconf 80' lang='lat' dir='ltr'>esp.</span> <span class='ocrx_word' id='word_1_123' title='bbox 1224 2180 1266 2233; x_wconf 86' lang='grc'><strong>13.</strong></span> <span class='ocrx_word' id='word_1_124' title='bbox 1280 2182 1315 2233; x_wconf 83' lang='grc'>11·</span> <span class='ocrx_word' id='word_1_125' title='bbox 1371 2233 1376 2246; x_wconf 65' lang='grc'>,</span> 
     </span>
    </p>
   </div>
   <div class='ocr_carea' id='block_1_7' title="bbox 235 2278 1315 3254">
    <p class='ocr_par' dir='ltr' id='par_1_7' title="bbox 235 2278 1315 3254">
     <span class='ocr_line' id='line_1_16' title="bbox 237 2278 1315 2352; baseline -0.001 -21"><span class='ocrx_word' id='word_1_126' title='bbox 237 2279 277 2332; x_wconf 89' lang='lat' dir='ltr'>bri</span> <span class='ocrx_word' id='word_1_127' title='bbox 293 2285 336 2336; x_wconf 82' lang='lat' dir='ltr'>tv.</span> <span class='ocrx_word' id='word_1_128' title='bbox 370 2286 489 2338; x_wconf 79' lang='lat' dir='ltr'>Averbir</span> <span class='ocrx_word' id='word_1_129' title='bbox 503 2291 639 2352; x_wconf 65' lang='lat' dir='ltr'>sileremus,</span> <span class='ocrx_word' id='word_1_130' title='bbox 655 2289 772 2350; x_wconf 68' lang='lat' dir='ltr'>eumdum</span> <span class='ocrx_word' id='word_1_131' title='bbox 788 2286 833 2347; x_wconf 87' lang='lat' dir='ltr'>lli,</span> <span class='ocrx_word' id='word_1_132' title='bbox 850 2281 892 2346; x_wconf 81' lang='lat'>25,</span> <span class='ocrx_word' id='word_1_133' title='bbox 909 2279 934 2330; x_wconf 78' lang='lat'>5.</span> <span class='ocrx_word' id='word_1_134' title='bbox 951 2278 1077 2346; x_wconf 85' lang='lat' dir='ltr'>usquead</span> <span class='ocrx_word' id='word_1_135' title='bbox 1093 2278 1164 2342; x_wconf 77' lang='lat' dir='ltr'>lv,2</span> <span class='ocrx_word' id='word_1_136' title='bbox 1179 2295 1217 2330; x_wconf 82' lang='lat' dir='ltr'>ex.</span> <span class='ocrx_word' id='word_1_137' title='bbox 1232 2280 1315 2331; x_wconf 87' lang='lat' dir='ltr'>omnis</span> 
     </span>
     <span class='ocr_line' id='line_1_17' title="bbox 238 2376 1315 2450; baseline -0.001 -19"><span class='ocrx_word' id='word_1_138' title='bbox 238 2381 346 2432; x_wconf 84' lang='lat' dir='ltr'>omittit:</span> <span class='ocrx_word' id='word_1_139' title='bbox 364 2383 457 2434; x_wconf 90' lang='lat' dir='ltr'>deinde</span> <span class='ocrx_word' id='word_1_140' title='bbox 473 2384 528 2434; x_wconf 91' lang='lat' dir='ltr'>sliis</span> <span class='ocrx_word' id='word_1_141' title='bbox 541 2401 639 2450; x_wconf 88' lang='lat' dir='ltr'>qnoque</span> <span class='ocrx_word' id='word_1_142' title='bbox 655 2381 718 2434; x_wconf 90' lang='lat' dir='ltr'>loeis</span> <span class='ocrx_word' id='word_1_143' title='bbox 734 2390 774 2432; x_wconf 82' lang='lat' dir='ltr'>est</span> <span class='ocrx_word' id='word_1_144' title='bbox 788 2380 915 2432; x_wconf 72' lang='lat' dir='ltr'>mutilatus</span> <span class='ocrx_word' id='word_1_145' title='bbox 931 2389 974 2430; x_wconf 83' lang='lat' dir='ltr'>snt</span> <span class='ocrx_word' id='word_1_146' title='bbox 989 2376 1164 2445; x_wconf 74' lang='lat' dir='ltr'>interpolatur.</span> <span class='ocrx_word' id='word_1_147' title='bbox 1198 2376 1315 2430; x_wconf 75' lang='lat' dir='ltr'>Ceterum</span> 
     </span>
     <span class='ocr_line' id='line_1_18' title="bbox 237 2475 1315 2548; baseline 0 -18"><span class='ocrx_word' id='word_1_148' title='bbox 237 2479 374 2530; x_wconf 83' lang='lat' dir='ltr'>eoneordrrt</span> <span class='ocrx_word' id='word_1_149' title='bbox 391 2495 447 2531; x_wconf 86' lang='lat' dir='ltr'>eum</span> <span class='ocrx_word' id='word_1_150' title='bbox 460 2479 603 2531; x_wconf 69' lang='lat' dir='ltr'>Britannico</span> <span class='ocrx_word' id='word_1_151' title='bbox 621 2479 742 2530; x_wconf 86' lang='lat' dir='ltr'>Gronorii</span> <span class='ocrx_word' id='word_1_152' title='bbox 761 2476 889 2546; x_wconf 63' lang='lat' dir='ltr'>(britltl‘)</span> <span class='ocrx_word' id='word_1_153' title='bbox 906 2487 933 2528; x_wconf 89' lang='lat' dir='ltr'>et</span> <span class='ocrx_word' id='word_1_154' title='bbox 947 2475 1082 2527; x_wconf 74' lang='lat' dir='ltr'>Nicetiano</span> <span class='ocrx_word' id='word_1_155' title='bbox 1102 2477 1231 2548; x_wconf 81' lang='lat' dir='ltr'>Opsopoei</span> <span class='ocrx_word' id='word_1_156' title='bbox 1254 2478 1315 2547; x_wconf 78' lang='lat' dir='ltr'>(ui-</span> 
     </span>
     <span class='ocr_line' id='line_1_19' title="bbox 237 2574 1313 2646; baseline 0.005 -20"><span class='ocrx_word' id='word_1_157' title='bbox 237 2575 316 2642; x_wconf 74' lang='lat' dir='ltr'>eot),</span> <span class='ocrx_word' id='word_1_158' title='bbox 341 2593 404 2644; x_wconf 87' lang='lat' dir='ltr'>quos</span> <span class='ocrx_word' id='word_1_159' title='bbox 419 2579 545 2646; x_wconf 80' lang='lat' dir='ltr'>inspectos</span> <span class='ocrx_word' id='word_1_160' title='bbox 558 2578 641 2644; x_wconf 87' lang='lat' dir='ltr'>potius</span> <span class='ocrx_word' id='word_1_161' title='bbox 657 2576 748 2627; x_wconf 78' lang='lat' dir='ltr'>dixeris</span> <span class='ocrx_word' id='word_1_162' title='bbox 765 2594 780 2627; x_wconf 85' lang='lat' dir='ltr'>s</span> <span class='ocrx_word' id='word_1_163' title='bbox 796 2575 855 2626; x_wconf 81' lang='lat' dir='ltr'>viris</span> <span class='ocrx_word' id='word_1_164' title='bbox 872 2574 953 2627; x_wconf 79' lang='lat' dir='ltr'>doctis</span> <span class='ocrx_word' id='word_1_165' title='bbox 969 2591 1042 2642; x_wconf 82' lang='lat' dir='ltr'>quern</span> <span class='ocrx_word' id='word_1_166' title='bbox 1059 2574 1175 2628; x_wconf 83' lang='lat' dir='ltr'>collutos.</span> <span class='ocrx_word' id='word_1_167' title='bbox 1208 2578 1313 2631; x_wconf 81' lang='lat' dir='ltr'>Laudo·</span> 
     </span>
     <span class='ocr_line' id='line_1_20' title="bbox 236 2673 1313 2745; baseline 0.003 -19"><span class='ocrx_word' id='word_1_168' title='bbox 236 2673 275 2726; x_wconf 84' lang='lat' dir='ltr'>rit</span> <span class='ocrx_word' id='word_1_169' title='bbox 289 2678 435 2744; x_wconf 84' lang='lat' dir='ltr'>Opsopoens</span> <span class='ocrx_word' id='word_1_170' title='bbox 457 2677 532 2728; x_wconf 84' lang='lat' dir='ltr'>etiam</span> <span class='ocrx_word' id='word_1_171' title='bbox 554 2675 666 2727; x_wconf 81' lang='lat' dir='ltr'>codicem</span> <span class='ocrx_word' id='word_1_172' title='bbox 689 2673 866 2725; x_wconf 84' lang='lat' dir='ltr'>Memmisnurn</span> <span class='ocrx_word' id='word_1_173' title='bbox 884 2673 1005 2743; x_wconf 73' lang='lat' dir='ltr'>(Menum.)</span> <span class='ocrx_word' id='word_1_174' title='bbox 1023 2673 1160 2727; x_wconf 87' lang='lat' dir='ltr'>Niootisno</span> <span class='ocrx_word' id='word_1_175' title='bbox 1180 2687 1313 2745; x_wconf 85' lang='lat' dir='ltr'>praestan·</span> 
     </span>
     <span class='ocr_line' id='line_1_21' title="bbox 235 2771 1311 2842; baseline 0.004 -18"><span class='ocrx_word' id='word_1_176' title='bbox 235 2771 327 2825; x_wconf 81' lang='lat' dir='ltr'>tionem</span> <span class='ocrx_word' id='word_1_177' title='bbox 348 2791 396 2828; x_wconf 88' lang='lat' dir='ltr'>nee</span> <span class='ocrx_word' id='word_1_178' title='bbox 419 2775 562 2828; x_wconf 77' lang='lat' dir='ltr'>dissimulem</span> <span class='ocrx_word' id='word_1_179' title='bbox 578 2792 635 2826; x_wconf 87' lang='lat' dir='ltr'>rnen</span> <span class='ocrx_word' id='word_1_180' title='bbox 651 2775 681 2825; x_wconf 86' lang='lat' dir='ltr'>E.</span> <span class='ocrx_word' id='word_1_181' title='bbox 715 2773 797 2824; x_wconf 83' lang='lat' dir='ltr'>Multo</span> <span class='ocrx_word' id='word_1_182' title='bbox 812 2783 896 2825; x_wconf 86' lang='lat' dir='ltr'>sutem</span> <span class='ocrx_word' id='word_1_183' title='bbox 911 2773 1009 2841; x_wconf 84' lang='lat' dir='ltr'>saepius</span> <span class='ocrx_word' id='word_1_184' title='bbox 1024 2773 1153 2842; x_wconf 86' lang='lat' dir='ltr'>scripturis</span> <span class='ocrx_word' id='word_1_185' title='bbox 1167 2775 1248 2827; x_wconf 79' lang='lat' dir='ltr'>abetis</span> <span class='ocrx_word' id='word_1_186' title='bbox 1265 2795 1311 2828; x_wconf 77' lang='lat' dir='ltr'>eo·</span> 
     </span>
     <span class='ocr_line' id='line_1_22' title="bbox 236 2871 1312 2944; baseline 0.004 -22"><span class='ocrx_word' id='word_1_187' title='bbox 236 2871 319 2926; x_wconf 85' lang='lat' dir='ltr'>diuum</span> <span class='ocrx_word' id='word_1_188' title='bbox 335 2876 437 2928; x_wconf 85' lang='lat' dir='ltr'>nomina</span> <span class='ocrx_word' id='word_1_189' title='bbox 453 2873 567 2927; x_wconf 75' lang='lat' dir='ltr'>retinuit:</span> <span class='ocrx_word' id='word_1_190' title='bbox 583 2885 638 2925; x_wconf 86' lang='lat' dir='ltr'>tum</span> <span class='ocrx_word' id='word_1_191' title='bbox 652 2873 741 2942; x_wconf 75' lang='lat' dir='ltr'>scripsi</span> <span class='ocrx_word' id='word_1_192' title='bbox 755 2873 813 2926; x_wconf 87' lang='lat' dir='ltr'>eod.</span> <span class='ocrx_word' id='word_1_193' title='bbox 828 2877 889 2944; x_wconf 82' lang='lat' dir='ltr'>Ops.</span> <span class='ocrx_word' id='word_1_194' title='bbox 906 2883 951 2925; x_wconf 84' lang='lat' dir='ltr'>aut</span> <span class='ocrx_word' id='word_1_195' title='bbox 965 2873 1040 2926; x_wconf 89' lang='lat' dir='ltr'>ondd.</span> <span class='ocrx_word' id='word_1_196' title='bbox 1056 2876 1132 2942; x_wconf 70' lang='lat' dir='ltr'>Ops,</span> <span class='ocrx_word' id='word_1_197' title='bbox 1149 2885 1226 2944; x_wconf 83' lang='lat' dir='ltr'>prout</span> <span class='ocrx_word' id='word_1_198' title='bbox 1241 2873 1312 2926; x_wconf 83' lang='lat' dir='ltr'>euius</span> 
     </span>
     <span class='ocr_line' id='line_1_23' title="bbox 235 2971 1313 3045; baseline 0.002 -19"><span class='ocrx_word' id='word_1_199' title='bbox 235 2971 292 3026; x_wconf 84' lang='lat' dir='ltr'>libri</span> <span class='ocrx_word' id='word_1_200' title='bbox 308 2986 361 3028; x_wconf 88' lang='lat' dir='ltr'>erat</span> <span class='ocrx_word' id='word_1_201' title='bbox 376 2976 498 3045; x_wconf 82' lang='lat' dir='ltr'>scripture</span> <span class='ocrx_word' id='word_1_202' title='bbox 513 2985 557 3028; x_wconf 83' lang='lat' dir='ltr'>sut</span> <span class='ocrx_word' id='word_1_203' title='bbox 574 2974 717 3038; x_wconf 77' lang='lat' dir='ltr'>umbonum,</span> <span class='ocrx_word' id='word_1_204' title='bbox 734 2991 786 3028; x_wconf 91' lang='lat' dir='ltr'>non</span> <span class='ocrx_word' id='word_1_205' title='bbox 802 2975 913 3029; x_wconf 85' lang='lat' dir='ltr'>imitatus</span> <span class='ocrx_word' id='word_1_206' title='bbox 929 2974 1080 3039; x_wconf 84' lang='lat' dir='ltr'>Gruterum,</span> <span class='ocrx_word' id='word_1_207' title='bbox 1096 2975 1139 3044; x_wconf 90' lang='lat' dir='ltr'>qui</span> <span class='ocrx_word' id='word_1_208' title='bbox 1155 2976 1215 3030; x_wconf 84' lang='lat' dir='ltr'>satis</span> <span class='ocrx_word' id='word_1_209' title='bbox 1231 2973 1313 3028; x_wconf 82' lang='lat' dir='ltr'>ands-</span> 
     </span>
     <span class='ocr_line' id='line_1_24' title="bbox 236 3074 1311 3144; baseline 0.002 -20"><span class='ocrx_word' id='word_1_210' title='bbox 236 3083 290 3126; x_wconf 85' lang='lat' dir='ltr'>eter</span> <span class='ocrx_word' id='word_1_211' title='bbox 305 3074 359 3144; x_wconf 85' lang='lat' dir='ltr'>ipsa</span> <span class='ocrx_word' id='word_1_212' title='bbox 375 3075 476 3130; x_wconf 82' lang='lat' dir='ltr'>nomina</span> <span class='ocrx_word' id='word_1_213' title='bbox 492 3076 619 3130; x_wconf 83' lang='lat' dir='ltr'>Nieotiani</span> <span class='ocrx_word' id='word_1_214' title='bbox 636 3087 663 3130; x_wconf 84' lang='lat' dir='ltr'>et</span> <span class='ocrx_word' id='word_1_215' title='bbox 679 3077 824 3130; x_wconf 85' lang='lat' dir='ltr'>Memmieni</span> <span class='ocrx_word' id='word_1_216' title='bbox 840 3076 976 3132; x_wconf 84' lang='lat' dir='ltr'>substituit.</span> <span class='ocrx_word' id='word_1_217' title='bbox 1010 3075 1093 3130; x_wconf 78' lang='lat' dir='ltr'>Etiam</span> <span class='ocrx_word' id='word_1_218' title='bbox 1114 3074 1311 3130; x_wconf 70' lang='lat' dir='ltr'>Msttlu&#39;liortu·</span> 
     </span>
     <span class='ocr_line' id='line_1_25' title="bbox 235 3172 1310 3254; baseline 0 -30"><span class='ocrx_word' id='word_1_219' title='bbox 235 3175 289 3224; x_wconf 85' lang='lat' dir='ltr'>noti</span> <span class='ocrx_word' id='word_1_220' title='bbox 307 3176 381 3227; x_wconf 83' lang='lat' dir='ltr'>codd.</span> <span class='ocrx_word' id='word_1_221' title='bbox 400 3177 496 3242; x_wconf 81' lang='lat' dir='ltr'>(Fort.)</span> <span class='ocrx_word' id='word_1_222' title='bbox 515 3180 674 3254; x_wconf 72' lang='lat' dir='ltr'>consentiunt</span> <span class='ocrx_word' id='word_1_223' title='bbox 690 3179 835 3248; x_wconf 83' lang='lat' dir='ltr'>plenumque</span> <span class='ocrx_word' id='word_1_224' title='bbox 852 3196 909 3232; x_wconf 87' lang='lat' dir='ltr'>eum</span> <span class='ocrx_word' id='word_1_225' title='bbox 925 3181 945 3228; x_wconf 86' lang='lat' dir='ltr'>B</span> <span class='ocrx_word' id='word_1_226' title='bbox 962 3195 1034 3228; x_wconf 88' lang='lat' dir='ltr'>meo:</span> <span class='ocrx_word' id='word_1_227' title='bbox 1053 3177 1104 3226; x_wconf 89' lang='lat' dir='ltr'>eius</span> <span class='ocrx_word' id='word_1_228' title='bbox 1120 3184 1178 3226; x_wconf 81' lang='lat' dir='ltr'>oute</span> <span class='ocrx_word' id='word_1_229' title='bbox 1192 3172 1310 3224; x_wconf 87' lang='lat' dir='ltr'>meditio-</span> 
     </span>
    </p>
   </div>
   <div class='ocr_carea' id='block_1_8' title="bbox 234 3271 1410 3345">
    <p class='ocr_par' dir='ltr' id='par_1_8' title="bbox 234 3271 1410 3345">
     <span class='ocr_line' id='line_1_26' title="bbox 234 3271 1410 3345; baseline 0.005 -23"><span class='ocrx_word' id='word_1_230' title='bbox 234 3288 291 3322; x_wconf 89' lang='lat' dir='ltr'>nem</span> <span class='ocrx_word' id='word_1_231' title='bbox 310 3274 387 3342; x_wconf 83' lang='lat' dir='ltr'>(apud</span> <span class='ocrx_word' id='word_1_232' title='bbox 400 3275 491 3327; x_wconf 80' lang='lat' dir='ltr'>Aldum</span> <span class='ocrx_word' id='word_1_233' title='bbox 507 3275 581 3344; x_wconf 77' lang='lat'>1522)</span> <span class='ocrx_word' id='word_1_234' title='bbox 601 3295 657 3329; x_wconf 85' lang='lat' dir='ltr'>corn</span> <span class='ocrx_word' id='word_1_235' title='bbox 674 3295 724 3329; x_wconf 92' lang='lat' dir='ltr'>non</span> <span class='ocrx_word' id='word_1_236' title='bbox 742 3279 868 3345; x_wconf 80' lang='lat' dir='ltr'>haberem,</span> <span class='ocrx_word' id='word_1_237' title='bbox 885 3277 984 3328; x_wconf 82' lang='lat' dir='ltr'>laudavi</span> <span class='ocrx_word' id='word_1_238' title='bbox 1001 3275 1050 3326; x_wconf 86' lang='lat' dir='ltr'>lide</span> <span class='ocrx_word' id='word_1_239' title='bbox 1061 3271 1161 3326; x_wconf 86' lang='lat' dir='ltr'>Gruteri</span> <span class='ocrx_word' id='word_1_240' title='bbox 1176 3283 1219 3325; x_wconf 84' lang='lat' dir='ltr'>sut</span> <span class='ocrx_word' id='word_1_241' title='bbox 1228 3275 1312 3341; x_wconf 81' lang='lat' dir='ltr'>Opao-</span> <span class='ocrx_word' id='word_1_242' title='bbox 1407 3295 1410 3302; x_wconf 91' lang='lat'>·</span> 
     </span>
    </p>
   </div>
   <div class='ocr_carea' id='block_1_9' title="bbox 234 3371 1312 3545">
    <p class='ocr_par' dir='ltr' id='par_1_9' title="bbox 234 3371 1312 3545">
     <span class='ocr_line' id='line_1_27' title="bbox 234 3371 640 3444; baseline 0.01 -20"><span class='ocrx_word' id='word_1_243' title='bbox 234 3371 293 3438; x_wconf 80' lang='lat' dir='ltr'>posi</span> <span class='ocrx_word' id='word_1_244' title='bbox 309 3383 385 3444; x_wconf 82' lang='lat' dir='ltr'>etque</span> <span class='ocrx_word' id='word_1_245' title='bbox 401 3394 447 3444; x_wconf 90' lang='lat' dir='ltr'>per</span> <span class='ocrx_word' id='word_1_246' title='bbox 463 3381 529 3433; x_wconf 70' lang='lat' dir='ltr'>bilds</span> <span class='ocrx_word' id='word_1_247' title='bbox 546 3377 640 3429; x_wconf 77' lang='lat' dir='ltr'>notavi.</span> 
     </span>
     <span class='ocr_line' id='line_1_28' title="bbox 301 3472 1312 3545; baseline 0.001 -22"><span class='ocrx_word' id='word_1_248' title='bbox 301 3473 441 3544; x_wconf 74' lang='lat' dir='ltr'>Scriptum</span> <span class='ocrx_word' id='word_1_249' title='bbox 458 3477 550 3530; x_wconf 84' lang='lat' dir='ltr'>eodieis</span> <span class='ocrx_word' id='word_1_250' title='bbox 565 3480 585 3528; x_wconf 83' lang='grc' dir='ltr'><strong>Β</strong></span> <span class='ocrx_word' id='word_1_251' title='bbox 601 3475 693 3529; x_wconf 84' lang='lat' dir='ltr'>sLnd.</span> <span class='ocrx_word' id='word_1_252' title='bbox 705 3478 766 3528; x_wconf 85' lang='lat' dir='ltr'>lano</span> <span class='ocrx_word' id='word_1_253' title='bbox 784 3475 947 3545; x_wconf 80' lang='lat' dir='ltr'>(iniieebodii</span> <span class='ocrx_word' id='word_1_254' title='bbox 960 3473 1097 3526; x_wconf 80' lang='lat' dir='ltr'>Annalibus</span> <span class='ocrx_word' id='word_1_255' title='bbox 1111 3472 1312 3536; x_wconf 74' lang='lat' dir='ltr'>rhuotxxxr,</span> 
     </span>
    </p>
   </div>
   <div class='ocr_carea' id='block_1_10' title="bbox 232 3571 1312 3946">
    <p class='ocr_par' dir='ltr' id='par_1_10' title="bbox 232 3571 1312 3946">
     <span class='ocr_line' id='line_1_29' title="bbox 236 3571 1311 3647; baseline -0.001 -24"><span class='ocrx_word' id='word_1_256' title='bbox 236 3572 259 3625; x_wconf 94' lang='grc'><strong>1.</strong></span> <span class='ocrx_word' id='word_1_257' title='bbox 278 3591 304 3641; x_wconf 84' lang='lat' dir='ltr'>p.</span> <span class='ocrx_word' id='word_1_258' title='bbox 318 3571 378 3628; x_wconf 76' lang='lat'>261.</span> <span class='ocrx_word' id='word_1_259' title='bbox 393 3579 458 3644; x_wconf 71' lang='lat' dir='ltr'>sqq.)</span> <span class='ocrx_word' id='word_1_260' title='bbox 476 3578 568 3647; x_wconf 84' lang='lat' dir='ltr'>passim</span> <span class='ocrx_word' id='word_1_261' title='bbox 586 3577 666 3628; x_wconf 85' lang='lat' dir='ltr'>editas</span> <span class='ocrx_word' id='word_1_262' title='bbox 688 3576 796 3628; x_wconf 77' lang='lat' dir='ltr'>indicari</span> <span class='ocrx_word' id='word_1_263' title='bbox 819 3593 865 3643; x_wconf 85' lang='lat' dir='ltr'>per</span> <span class='ocrx_word' id='word_1_264' title='bbox 879 3575 965 3626; x_wconf 82' lang='lat' dir='ltr'>liemb.</span> <span class='ocrx_word' id='word_1_265' title='bbox 1000 3575 1071 3627; x_wconf 87' lang='lat' dir='ltr'>idem</span> <span class='ocrx_word' id='word_1_266' title='bbox 1086 3575 1126 3626; x_wconf 80' lang='lat' dir='ltr'>vir</span> <span class='ocrx_word' id='word_1_267' title='bbox 1148 3573 1236 3628; x_wconf 77' lang='lat' dir='ltr'>domus</span> <span class='ocrx_word' id='word_1_268' title='bbox 1256 3574 1311 3624; x_wconf 83' lang='lat' dir='ltr'>Le.</span> 
     </span>
     <span class='ocr_line' id='line_1_30' title="bbox 233 3669 1312 3746; baseline -0.006 -20"><span class='ocrx_word' id='word_1_269' title='bbox 233 3675 366 3742; x_wconf 84' lang='lat' dir='ltr'>proposuit</span> <span class='ocrx_word' id='word_1_270' title='bbox 388 3677 485 3745; x_wconf 86' lang='lat' dir='ltr'>sliqnot</span> <span class='ocrx_word' id='word_1_271' title='bbox 507 3678 642 3746; x_wconf 83' lang='lat' dir='ltr'>scripturas</span> <span class='ocrx_word' id='word_1_272' title='bbox 665 3675 723 3728; x_wconf 86' lang='lat' dir='ltr'>libri</span> <span class='ocrx_word' id='word_1_273' title='bbox 740 3675 971 3743; x_wconf 74' lang='lat' dir='ltr'>wirseburgensis,</span> <span class='ocrx_word' id='word_1_274' title='bbox 998 3671 1173 3740; x_wconf 77' lang='lat' dir='ltr'>bambergensi</span> <span class='ocrx_word' id='word_1_275' title='bbox 1193 3669 1312 3732; x_wconf 83' lang='lat' dir='ltr'>melioris,</span> 
     </span>
     <span class='ocr_line' id='line_1_31' title="bbox 233 3767 1311 3845; baseline -0.006 -19"><span class='ocrx_word' id='word_1_276' title='bbox 233 3784 309 3842; x_wconf 85' lang='lat' dir='ltr'>etque</span> <span class='ocrx_word' id='word_1_277' title='bbox 325 3775 423 3828; x_wconf 84' lang='lat' dir='ltr'>addidit</span> <span class='ocrx_word' id='word_1_278' title='bbox 438 3793 508 3828; x_wconf 88' lang='lat' dir='ltr'>suurn</span> <span class='ocrx_word' id='word_1_279' title='bbox 525 3777 558 3828; x_wconf 92' lang='lat' dir='ltr'>de</span> <span class='ocrx_word' id='word_1_280' title='bbox 581 3777 693 3845; x_wconf 82' lang='lat' dir='ltr'>utrisque</span> <span class='ocrx_word' id='word_1_281' title='bbox 712 3775 846 3838; x_wconf 84' lang='lat' dir='ltr'>iudicium,</span> <span class='ocrx_word' id='word_1_282' title='bbox 878 3772 962 3843; x_wconf 90' lang='lat' dir='ltr'>qnod,</span> <span class='ocrx_word' id='word_1_283' title='bbox 987 3789 1043 3822; x_wconf 88' lang='lat' dir='ltr'>oum</span> <span class='ocrx_word' id='word_1_284' title='bbox 1061 3772 1116 3838; x_wconf 86' lang='lat' dir='ltr'>ipse</span> <span class='ocrx_word' id='word_1_285' title='bbox 1134 3767 1311 3822; x_wconf 85' lang='lat' dir='ltr'>eruditissimus</span> 
     </span>
     <span class='ocr_line' id='line_1_32' title="bbox 232 3868 1270 3946; baseline -0.006 -21"><span class='ocrx_word' id='word_1_286' title='bbox 232 3876 265 3926; x_wconf 86' lang='lat' dir='ltr'>sit</span> <span class='ocrx_word' id='word_1_287' title='bbox 285 3887 310 3928; x_wconf 91' lang='lat' dir='ltr'>et</span> <span class='ocrx_word' id='word_1_288' title='bbox 326 3875 352 3928; x_wconf 91' lang='lat' dir='ltr'>in</span> <span class='ocrx_word' id='word_1_289' title='bbox 370 3879 479 3928; x_wconf 84' lang='lat' dir='ltr'>Seneeee</span> <span class='ocrx_word' id='word_1_290' title='bbox 494 3869 594 3946; x_wconf 85' lang='lat' dir='ltr'>seriptis</span> <span class='ocrx_word' id='word_1_291' title='bbox 610 3877 717 3928; x_wconf 76' lang='lat' dir='ltr'>maxime</span> <span class='ocrx_word' id='word_1_292' title='bbox 734 3885 862 3940; x_wconf 82' lang='lat' dir='ltr'>versatus,</span> <span class='ocrx_word' id='word_1_293' title='bbox 880 3874 1025 3942; x_wconf 85' lang='lat' dir='ltr'>plerumque</span> <span class='ocrx_word' id='word_1_294' title='bbox 1042 3871 1091 3921; x_wconf 85' lang='lat' dir='ltr'>iuit</span> <span class='ocrx_word' id='word_1_295' title='bbox 1105 3868 1270 3937; x_wconf 82' lang='lat' dir='ltr'>probandum.</span> 
     </span>
    </p>
   </div>
   <div class='ocr_carea' id='block_1_11' title="bbox 233 4033 1311 4265">
    <p class='ocr_par' dir='ltr' id='par_1_11' title="bbox 233 4033 1311 4265">
     <span class='ocr_line' id='line_1_33' title="bbox 284 4033 1311 4094; baseline -0.013 -4"><span class='ocrx_word' id='word_1_296' title='bbox 284 4042 303 4090; x_wconf 82' lang='lat' dir='ltr'>&#39;l</span> <span class='ocrx_word' id='word_1_297' title='bbox 316 4039 342 4084; x_wconf 67' lang='lat' dir='ltr'>la.</span> <span class='ocrx_word' id='word_1_298' title='bbox 355 4042 411 4084; x_wconf 78' lang='lat' dir='ltr'>Asu.</span> <span class='ocrx_word' id='word_1_299' title='bbox 424 4041 609 4088; x_wconf 65' lang='lat' dir='ltr'>serenentur</span> <span class='ocrx_word' id='word_1_300' title='bbox 620 4043 656 4086; x_wconf 82' lang='lat' dir='ltr'>lte</span> <span class='ocrx_word' id='word_1_301' title='bbox 668 4040 830 4094; x_wconf 76' lang='lat' dir='ltr'>Prsvldsstls,</span> <span class='ocrx_word' id='word_1_302' title='bbox 849 4039 905 4084; x_wconf 76' lang='lat' dir='ltr'>Stre</span> <span class='ocrx_word' id='word_1_303' title='bbox 918 4038 994 4092; x_wconf 75' lang='lat' dir='ltr'>Qusrs</span> <span class='ocrx_word' id='word_1_304' title='bbox 1007 4035 1077 4080; x_wconf 81' lang='lat' dir='ltr'>Bonis</span> <span class='ocrx_word' id='word_1_305' title='bbox 1090 4033 1154 4082; x_wconf 83' lang='lat' dir='ltr'>Viris</span> <span class='ocrx_word' id='word_1_306' title='bbox 1169 4033 1235 4080; x_wconf 75' lang='lat' dir='ltr'>usto</span> <span class='ocrx_word' id='word_1_307' title='bbox 1247 4034 1311 4078; x_wconf 76' lang='lat' dir='ltr'>lael-</span> 
     </span>
     <span class='ocr_line' id='line_1_34' title="bbox 233 4119 1310 4179; baseline -0.005 -13"><span class='ocrx_word' id='word_1_308' title='bbox 233 4121 301 4174; x_wconf 87' lang='lat' dir='ltr'>dsst,</span> <span class='ocrx_word' id='word_1_309' title='bbox 320 4122 378 4168; x_wconf 75' lang='lat' dir='ltr'>Cum</span> <span class='ocrx_word' id='word_1_310' title='bbox 389 4125 426 4169; x_wconf 82' lang='lat' dir='ltr'>stt</span> <span class='ocrx_word' id='word_1_311' title='bbox 437 4125 594 4170; x_wconf 78' lang='lat' dir='ltr'>Providentis.</span> <span class='ocrx_word' id='word_1_312' title='bbox 625 4124 764 4179; x_wconf 72' lang='lat' dir='ltr'>Reemsult,</span> <span class='ocrx_word' id='word_1_313' title='bbox 785 4123 906 4168; x_wconf 77' lang='lat' dir='ltr'>Varietate</span> <span class='ocrx_word' id='word_1_314' title='bbox 918 4120 1048 4175; x_wconf 67' lang='lat' dir='ltr'>ustum,</span> <span class='ocrx_word' id='word_1_315' title='bbox 1066 4119 1098 4164; x_wconf 75' lang='lat' dir='ltr'>Bt</span> <span class='ocrx_word' id='word_1_316' title='bbox 1110 4119 1263 4165; x_wconf 70' lang='lat' dir='ltr'>adsumtos·</span> <span class='ocrx_word' id='word_1_317' title='bbox 1275 4119 1310 4162; x_wconf 88' lang='lat' dir='ltr'>ls-</span> 
     </span>
     <span class='ocr_line' id='line_1_35' title="bbox 233 4204 704 4265; baseline 0.002 -15"><span class='ocrx_word' id='word_1_318' title='bbox 233 4204 316 4250; x_wconf 68' lang='lat' dir='ltr'>esurit</span> <span class='ocrx_word' id='word_1_319' title='bbox 328 4205 355 4251; x_wconf 80' lang='grc' dir='ltr'><strong>Β.</strong></span> <span class='ocrx_word' id='word_1_320' title='bbox 368 4209 393 4253; x_wconf 83' lang='grc' dir='ltr'><strong>Α.</strong></span> <span class='ocrx_word' id='word_1_321' title='bbox 406 4207 492 4254; x_wconf 74' lang='lat' dir='ltr'>lisuts.</span> <span class='ocrx_word' id='word_1_322' title='bbox 516 4207 589 4265; x_wconf 71' lang='lat' dir='ltr'>bugd.</span> <span class='ocrx_word' id='word_1_323' title='bbox 604 4207 632 4253; x_wconf 82' lang='lat' dir='ltr'>B.</span> <span class='ocrx_word' id='word_1_324' title='bbox 645 4207 704 4252; x_wconf 64' lang='lat' dir='ltr'>iffi.</span> 
     </span>
    </p>
   </div>
   <div class='ocr_carea' id='block_1_12' title="bbox 1402 4183 1448 4240">
    <p class='ocr_par' dir='ltr' id='par_1_12' title="bbox 1402 4183 1448 4240">
     <span class='ocr_line' id='line_1_36' title="bbox 1402 4183 1448 4240; baseline 0 0"><span class='ocrx_word' id='word_1_325' title='bbox 1402 4183 1404 4186; x_wconf 74' lang='grc'><strong>’</strong></span> <span class='ocrx_word' id='word_1_326' title='bbox 1446 4203 1448 4240; x_wconf 83' lang='lat' dir='ltr'>l</span> 
     </span>
    </p>
   </div>
   <div class='ocr_carea' id='block_1_13' title="bbox 282 4269 1448 4580">
    <p class='ocr_par' dir='ltr' id='par_1_13' title="bbox 282 4269 1448 4580">
     <span class='ocr_line' id='line_1_37' title="bbox 282 4269 1448 4580; baseline -0.009 -237"><span class='ocrx_word' id='word_1_327' title='bbox 282 4286 1160 4349; x_wconf 47' lang='lat' dir='ltr'>”turonorum-rmrsrrrorruurrrmmprurnusur.</span> <span class='ocrx_word' id='word_1_328' title='bbox 1441 4269 1448 4580; x_wconf 39' lang='lat' dir='ltr'><em>A</em></span> 
     </span>
    </p>
   </div>
   <div class='ocr_carea' id='block_1_14' title="bbox 0 0 1468 4864">
    <p class='ocr_par' dir='ltr' id='par_1_14' title="bbox 0 0 1468 4864">
     <span class='ocr_line' id='line_1_38' title="bbox 0 0 1468 4864; baseline 0 0"><span class='ocrx_word' id='word_1_329' title='bbox 0 0 1468 4864; x_wconf 95' lang='lat' dir='ltr'> </span> 
     </span>
    </p>
   </div>
   <div class='ocr_carea' id='block_1_15' title="bbox 1443 4605 1447 4692">
    <p class='ocr_par' dir='ltr' id='par_1_15' title="bbox 1443 4605 1447 4692">
     <span class='ocr_line' id='line_1_39' title="bbox 1443 4605 1447 4692; baseline 0 0"><span class='ocrx_word' id='word_1_330' title='bbox 1443 4605 1447 4692; x_wconf 87' lang='lat' dir='ltr'>l</span> 
     </span>
    </p>
   </div>
  </div>
 </body>
</html>
