2928 4864
195 271 261 335 Vili
624 265 843 328 PRAEFATIO.

195 445 377 523 praeventu,
406 438 512 500 foetum
535 438 600 512 est,
631 442 664 496 nt
683 431 784 497 multis
801 430 882 496 vitiis
901 429 941 494 sit
960 427 1084 514 turpiter
1098 429 1269 514 depravato.

197 550 327 640 Ideoque
348 552 459 636 aliquot
478 546 601 614 iioeieri
622 549 808 616 oonieotnras
829 548 965 613 consulto
987 547 1083 612 omisi.

281 683 329 748 De
339 681 426 748 Ludo
438 679 574 750 Senecae
588 682 769 747 emendatius
784 682 897 746 edendo
911 703 992 768 sper,
1009 702 1095 765 quem
1110 678 1273 744 ex'l'ueod.

199 799 321 867 Oehleri
334 800 442 866 litteris
461 821 653 887 oonoeperam
669 799 743 884 (vol.
758 798 799 864 11.
819 800 913 885 praei.
934 795 1131 885 p.xvt11.)‚
1154 797 1278 890 derepto

198 917 263 980 iore
284 926 351 996 est,
382 939 449 982 num
465 918 532 982 ood.
549 915 812 997 valentianensis,
841 937 927 1002 quom
945 916 1044 1002 paneis
1064 926 1135 980 ante
1152 925 1277 980 mortem

197 1053 281 1098 suem
311 1035 462 1100 mensibus
489 1058 554 1100 oum
575 1037 703 1101 editione
724 1034 884 1100 Touohnit.
914 1033 1133 1099 accuratissime
1155 1033 1279 1097 neuuilit

199 1149 262 1215 ΤΙι.
283 1149 414 1233 (isidor,
437 1154 588 1217 aliusnon
612 1154 652 1216 sit
668 1174 755 1234 quom
776 1153 843 1216 ood.
861 1149 909 1216 St.
928 1152 1054 1218 Amandi
1076 1151 1156 1236 (nod.
1171 1147 1274 1232 lonii),

199 1265 269 1329 olim
287 1267 324 1328 ab
346 1265 549 1330 Hadr.1unio
568 1268 624 1348 (ii)
647 1277 822 1350 usurpatus,
853 1287 909 1330 neo
931 1269 1065 1352 supplent
1088 1269 1209 1331 lacunas
1228 1278 1279 1332 out

201 1377 320 1443 Graeca
341 1391 478 1467 corrupta
505 1382 610 1445 meiius
637 1379 793 1465 oonoipiat.
840 1377 893 1445 Sir
914 1381 1070 1466 descripsit
1089 1381 1195 1442 librum
1216 1380 1275 1444 ΤΙι.

64 1475 69 1486 ’
202 1492 330 1564 ΟοΙιΙοιι

286 1623 363 1692 Cod.
382 1623 555 1692 Valentino.
573 1625 617 1694 N.
633 1639 664 1694 5.
677 1639 706 1695 1.
722 1627 782 1712 (M.
795 1631 885 1712 268.)
902 1627 1026 1691 membr.
1046 1631 1119 1693 12⁰.
1140 1647 1203 1693 seo.
1215 1626 1276 1694 IX.

203 1751 244 1808 to
260 1741 334 1807 lium
362 1765 428 1810 oum
449 1746 532 1832 larga
551 1767 646 1832 marg.
671 1783 711 1794 -
732 1746 809 1810 iiber
827 1745 1000 1810 monasterii
1019 1742 1084 1811 Set.
1098 1745 1227 1811 Amandi
1246 1749 1277 1811 in

202 1858 309 1944 pabula
331 1863 442 1928 ordinis
463 1863 523 1927 divi
544 1861 699 1928 Benedicti
720 1864 797 1946 (seo.
811 1860 930 1946 xvi).

271 1975 295 2028 1.
328 1977 420 2045 Incipit
435 1978 513 2030 Lmen
528 1977 602 2031 Muti
618 1980 693 2032 Plotii
708 1979 751 2048 (de
766 1979 874 2048 metris).

268 2057 294 2128 ι’.
328 2079 382 2129 ιι..
399 2083 445 2130 ιιι.
461 2079 536 2131 nou
552 2081 631 2132 seruo
649 2080 811 2132 ommno
827 2080 860 2131 ue
877 2090 975 2131 eentum
992 2079 1085 2132 mora.

269 2176 295 2229 5.
329 2179 471 2232 Demetrio
487 2197 502 2232 a
518 2181 626 2232 Boethio
643 2181 774 2248 usurpatis.

270 2273 296 2328 6.
329 2279 411 2329 Annei
427 2282 537 2330 Senecae
555 2279 687 2346 proverbia
702 2279 832 2346 incipiunt.

269 2372 296 2429 7.
329 2377 410 2426 liome
425 2377 452 2426 in
468 2378 579 2443 imagine
596 2377 761 2429 Constantini.

269 2469 296 2523 8.
330 2474 360 2524 iu
377 2475 498 2527 memoria
514 2474 640 2527 cuiusdam
657 2476 750 2528 militia

268 2567 295 2623 9.
329 2573 445 2640 Lugduni
462 2574 489 2626 in
504 2575 625 2628 memoris
640 2577 804 2645 geminorum.

269 2670 311 2724 10.
328 2675 358 2724 Ιιι
373 2675 482 2728 Tantulo
498 2677 630 2730 Cuiusdam
646 2679 748 2732 Medici.

270 2770 311 2823 11.
329 2775 424 2828 Seneoe
435 2777 520 2830 Ludna
537 2778 570 2830 de
585 2790 667 2832 morte
685 2777 788 2831 Claudii.
823 2779 886 2840 Quid
902 2781 981 2828 uetant
996 2779 1027 2830 sii
1042 2779 1069 2828 in
1084 2779 1147 2830 eoeio
1218 2782 1245 2828 ut
1259 2791 1277 2828 n

199 2877 444 2937 counitiondiurtsset
467 2883 781 2946 Domoobiannnqunmete.
801 2878 1060 2948 (Reliqnnetreqnena
1068 2878 1276 2946 paginommne)

270 2971 311 3028 12.
337 2977 400 3046 (sine
416 2979 502 3048 titulo)
520 2973 578 3036 Dn'o
595 2984 660 3052 petri
675 2997 782 3049 vereque
800 2979 868 3032 felici
884 2990 910 3032 et
927 2980 1057 3049 purissima
1073 2979 1215 3031 mnoeritate
1230 2995 1275 3029 ve·

200 3077 313 3130 uenando
332 3079 462 3135 Grimaldo
480 3083 610 3152 capellano
627 3082 731 3136 Stiebns
748 3081 919 3134 Unalaliridna
937 3093 986 3132 eto.

269 3176 309 3229 13.
334 3181 425 3246 Incipit
450 3183 482 3230 de
498 3185 620 3233 aetatibus
636 3180 797 3233 animantium
813 3179 907 3230 Rooted
931 3212 959 3230 ..
988 3181 1040 3230 Tot·
1055 3177 1128 3228 binos
1145 3176 1229 3229 decies
1244 3207 1279 3220 -

202 3272 235 3324 10
247 3291 270 3324 v.
288 3301 322 3313 -
338 3275 400 3325 dens
416 3278 510 3326 arbiter
525 3278 589 3327 aevi.

268 3368 310 3422 14.
336 3373 428 3424 Versus
444 3371 478 3425 27
495 3375 527 3426 de
543 3373 631 3425 ventis.

268 3471 308 3523 15.
335 3472 375 3522 Ad
391 3475 471 3524 Boreo
488 3483 572 3541 partes
588 3492 626 3544 aq.
646 3473 678 3526 12
695 3493 719 3526 v.

268 3569 307 3622 16.
335 3573 444 3640 Tarpeio
462 3574 587 3642 quondam
605 3574 725 3629 consedit.
742 3573 759 3624 2
776 3589 800 3624 v.

267 3669 307 3724 17.
333 3671 432 3725 Literas
449 3683 488 3725 eat
503 3685 599 3742 gestam
615 3675 633 3728 2
648 3695 673 3727 v.

214 3821 216 3826 .
266 3770 307 3824 18.
334 3773 389 3824 ctio
405 3784 476 3840 gesto
494 3793 583 3828 mneos
602 3775 633 3827 11
652 3793 675 3827 v.

280 3871 347 3938 lion
362 3875 544 3940 emendation
561 3887 624 3956 ost,
646 3874 829 3962 potissimum
848 3876 879 3938 in
894 3873 1040 3954 Graecis,
1063 3875 1130 3938 eod.
1150 3871 1276 3958 Sangad-

195 3985 286 4050 iensis
302 3987 354 4072 (S)
376 4011 439 4056 seo.
457 3990 502 4079 Χ.
525 3990 581 4075 (Ν.
598 3995 688 4075 569.)
712 3993 835 4057 nodatus
863 4014 929 4056 oum
951 3993 975 4059 ἓ
997 3991 1033 4055 ab
1059 3989 1086 4056 l.
1105 3989 1144 4057 C.
1163 3990 1276 4057 Oteliio

195 4101 266 4187 (Ep.
284 4103 387 4169 oritioa
409 4109 445 4172 ad
461 4108 488 4174 1.
505 4108 547 4176 N.
562 4108 744 4194 Madvigium
763 4132 796 4173 v.
813 4132 841 4174 o.
860 4132 889 4195 p.
907 4107 994 4174 XLI.
1010 4129 1075 4195 sqq.
1099 4107 1146 4174 M.
1165 4108 1206 4174 Τ.
1223 4107 1275 4175 Ci-
